% Barriga's references start here

@article{sutton2012introduction,
	title={An introduction to conditional random fields},
	author={Sutton, Charles and McCallum, Andrew and others},
	journal={Foundations and Trends{\textregistered} in Machine Learning},
	volume={4},
	number={4},
	pages={267--373},
	year={2012},
	publisher={Now Publishers, Inc.}
}

@inproceedings{he2004multiscale,
	title={Multiscale conditional random fields for image labeling},
	author={He, Xuming and Zemel, Richard S and Carreira-Perpi{\~n}{\'a}n, Miguel {\'A}},
	booktitle={Proceedings of the 2004 IEEE Computer Society Conference on Computer Vision and Pattern Recognition, 2004. CVPR 2004.},
	volume={2},
	pages={II--II},
	year={2004},
	organization={IEEE}
}

@inproceedings{stern2005modelling,
	title={Modelling uncertainty in the game of Go},
	author={Stern, David H and Graepel, Thore and MacKay, David},
	booktitle={Advances in neural information processing systems},
	pages={1353--1360},
	year={2005}
}

@article{bernal2007global,
	title={Global discriminative learning for higher-accuracy computational gene prediction},
	author={Bernal, Axel and Crammer, Koby and Hatzigeorgiou, Artemis and Pereira, Fernando},
	journal={PLoS computational biology},
	volume={3},
	number={3},
	year={2007},
	publisher={Public Library of Science}
}

@article{lafferty2001conditional,
	title={Conditional random fields: Probabilistic models for segmenting and labeling sequence data},
	author={Lafferty, John and McCallum, Andrew and Pereira, Fernando CN},
	year={2001}
}

@article{hammersley1971markov,
	title={Markov fields on finite graphs and lattices},
	author={Hammersley, John M and Clifford, Peter},
	journal={Unpublished manuscript},
	volume={46},
	year={1971}
}

@inproceedings{moeller2018automatic,
	title={Automatic Glossing in a Low-Resource Setting for Language Documentation},
	author={Moeller, Sarah and Hulden, Mans},
	booktitle={Proceedings of the Workshop on Computational Modeling of Polysynthetic Languages},
	pages={84--93},
	year={2018}
}

@book{lastra1992otomi,
	title={El otom{\'\i} de Toluca},
	author={Lastra, Yolanda},
	year={1992},
	publisher={Instituto de Investigaciones Antropológicas, UNAM}
}

@inproceedings{lastra2000otomi,
	title={?` Es el otom{\'\i} una lengua amenazada?},
	author={Lastra, Yolanda},
	booktitle={Anales de antropolog{\'\i}a},
	volume={33},
	year={2000}
}

% Mejorar esto
@book{barrientos2004otomies,
	title={Otom{\'\i}es del Estado de M{\'e}xico},
	author={Barrientos L{\'o}pez, Guadalupe},
	year={2004},
	publisher={Comisi{\'o}n Nacional para el Desarrollo de los Pueblos Ind{\'i}genas}
}

@book{haspelmath2013understanding,
  title={Understanding morphology},
  author={Haspelmath, Martin and Sims, Andrea D},
  year={2013},
  publisher={Routledge}
}

@misc{mitchell1997machine,
  title={Machine learning},
  author={Mitchell, Tom M and others},
  year={1997},
  publisher={McGraw-hill New York}
}

@misc{CRFsuite,
    author = {Naoaki Okazaki},
    title = {CRFsuite: a fast implementation of Conditional Random Fields (CRFs)},
    urls= {http://www.chokkan.org/software/crfsuite/},
    year = {2007}
}

@article{jurafsky2008speech,
  title={Speech and Language Processing: An introduction to speech recognition, computational linguistics and natural language processing},
  author={Jurafsky, Daniel and Martin, James H},
  journal={Upper Saddle River, NJ: Prentice Hall},
  year={2008}
}

@article{comrie2008leipzig,
  title={The Leipzig Glossing Rules: Conventions for interlinear morpheme-by-morpheme glosses},
  author={Comrie, Bernard and Haspelmath, Martin and Bickel, Balthasar},
  journal={Department of Linguistics of the Max Planck Institute for Evolutionary Anthropology \& the Department of Linguistics of the University of Leipzig. Retrieved January},
  volume={28},
  pages={2010},
  year={2008}
}

@misc{elotl2019otomiprepro,
  author = {Comunidad Elotl},
  title = {Procesando el otomí (hñähñu) ¿Dónde empezar?},
  year = 2019,
  urls = {https://elotl.mx/2019/01/procesando-el-otomi-hnahnu-donde-empezar/},
  note = {Acceso: 2020-05-08}
}

@article{vasquesextraccion,
  author={Vasques, Mar{\'i}a Ximena Guti{\'e}rrez},
  title={EXTRACCI{\'O}N L{\'E}XICA BILING{\"U}E AUTOM{\'A}TICA PARA LENGUAS DE BAJOS RECURSOS DIGITALES},
  year = {2018}
}


@misc{anastasopoulos2018partofspeech,
    title={Part-of-Speech Tagging on an Endangered Language: a Parallel Griko-Italian Resource},
    author={Antonis Anastasopoulos and Marika Lekakou and Josep Quer and Eleni Zimianiti and Justin DeBenedetto and David Chiang},
    year={2018},
    eprint={1806.03757},
    archivePrefix={arXiv},
    primaryClass={cs.CL}
}
