@inproceedings{singh2005comparison,
  title={Comparison, selection and use of sentence alignment algorithms for new language pairs},
  author={Singh, Anil Kumar and Husain, Samar},
  booktitle={Proceedings of the ACL Workshop on Building and using Parallel texts},
  pages={99--106},
  year={2005},
  organization={Association for Computational Linguistics}
}
@book{fabregas2013morfologia,
  title={La morfolog{\'\i}a: el an{\'a}lisis de la palabra compleja},
  author={F{\'a}bregas, Antonio},
  year={2013},
  publisher={Ed. S{\'\i}ntesis}
}
@book{hockett1971curso,
  title={Curso de ling{\"u}{\'\i}stica moderna \&d Charles F. Hockett},
  author={Hockett, Charles F},
  year={1971},
  publisher={Edit. Universitaria}
}
@article{bosque1983morfologia,
  title={La morfolog{\'\i}a},
  author={Bosque, Ignacio},
  journal={Introducci{\'o}n a la Ling{\"u}{\'\i}stica. Madrid},
  year={1983}
}

@misc{haspelmath2010understanding,
  title={Understanding Morphology Oxford University Press},
  author={Haspelmath, M and Sims, A},
  year={2010},
  publisher={USA}
}
@article{gutierrez2017low,
  title={Low-resource bilingual lexicon extraction using graph based word embeddings},
  author={Gutierrez-Vasques, Ximena and Mijangos, Victor},
  journal={arXiv preprint arXiv:1710.02569 (Accepted in International Journal of. Computational Linguistics and Applications},
 isbn = {0976-0962},
  year={2017}
}
@InProceedings{mager2018challenges,
  title={Challenges of language technologies for the indigenous languages of the Americas},
  author={Mager, Manuel and Gutierrez-Vasques, Ximena and Sierra, Gerardo and Meza, Ivan},
  booktitle = {The 27th International Conference on Computational Linguistics (COLING 2018)},
  year={2018}
}
@InProceedings{GUTIERREZVASQUES16.1068,
  author = {Ximena Gutierrez-Vasques and Gerardo Sierra and Isaac Hernandez Pompa},
  title = {Axolotl: a Web Accessible Parallel Corpus for Spanish-Nahuatl},
  booktitle = {Proceedings of the Tenth International Conference on Language Resources and Evaluation (LREC 2016)},
  year = {2016},
 }
@inproceedings{gutierrez2015bilingual,
  title={Bilingual lexicon extraction for a distant language pair using a small parallel corpus},
  author={Gutierrez-Vasques, Ximena},
  booktitle={Proceedings of the 2015 Conference of the North American Chapter of the Association for Computational Linguistics: Student Research Workshop},
  pages={154--160},
  year={2015}
}

@article{bruna2013spectral,
  title={Spectral networks and locally connected networks on graphs},
  author={Bruna, Joan and Zaremba, Wojciech and Szlam, Arthur and LeCun, Yann},
  journal={arXiv preprint arXiv:1312.6203},
  year={2013}
}
@inproceedings{garrette2016unsupervised,
  title={An unsupervised model of orthographic variation for historical document transcription},
  author={Garrette, Dan and Alpert-Abrams, Hannah},
  booktitle={Proceedings of the 2016 Conference of the North American Chapter of the Association for Computational Linguistics: Human Language Technologies},
  pages={467--472},
  year={2016}
}

@inproceedings{he2016improved,
  title={Improved Neural Machine Translation with SMT Features.},
  author={He, Wei and He, Zhongjun and Wu, Hua and Wang, Haifeng},
  booktitle={AAAI},
  pages={151--157},
  year={2016}
}
@inproceedings{pourdamghani2018using,
  title={Using Word Vectors to Improve Word Alignments for Low Resource Machine Translation},
  author={Pourdamghani, Nima and Ghazvininejad, Marjan and Knight, Kevin},
  booktitle={Proceedings of the 2018 Conference of the North American Chapter of the Association for Computational Linguistics: Human Language Technologies, Volume 2 (Short Papers)},
  volume={2},
  pages={524--528},
  year={2018}
}

@inproceedings{artetxe2016learning,
  title={Learning principled bilingual mappings of word embeddings while preserving monolingual invariance},
  author={Artetxe, Mikel and Labaka, Gorka and Agirre, Eneko},
  booktitle={Proceedings of the 2016 Conference on Empirical Methods in Natural Language Processing},
  pages={2289--2294},
  year={2016}
}
@article{smith2017offline,
  title={Offline bilingual word vectors, orthogonal transformations and the inverted softmax},
  author={Smith, Samuel L and Turban, David HP and Hamblin, Steven and Hammerla, Nils Y},
  journal={arXiv preprint arXiv:1702.03859},
  year={2017}
}
@inproceedings{shigeto2015ridge,
  title={Ridge regression, hubness, and zero-shot learning},
  author={Shigeto, Yutaro and Suzuki, Ikumi and Hara, Kazuo and Shimbo, Masashi and Matsumoto, Yuji},
  booktitle={Joint European Conference on Machine Learning and Knowledge Discovery in Databases},
  pages={135--151},
  year={2015},
  organization={Springer}
}
@inproceedings{lazaridou2015hubness,
  title={Hubness and pollution: Delving into cross-space mapping for zero-shot learning},
  author={Lazaridou, Angeliki and Dinu, Georgiana and Baroni, Marco},
  booktitle={Proceedings of the 53rd Annual Meeting of the Association for Computational Linguistics and the 7th International Joint Conference on Natural Language Processing (Volume 1: Long Papers)},
  volume={1},
  pages={270--280},
  year={2015}
}
@inproceedings{xing2015normalized,
  title={Normalized word embedding and orthogonal transform for bilingual word translation},
  author={Xing, Chao and Wang, Dong and Liu, Chao and Lin, Yiye},
  booktitle={Proceedings of the 2015 Conference of the North American Chapter of the Association for Computational Linguistics: Human Language Technologies},
  pages={1006--1011},
  year={2015}
}

@inproceedings{artetxe2018generalizing,
  author    = {Artetxe, Mikel  and  Labaka, Gorka  and  Agirre, Eneko},
  title     = {Generalizing and improving bilingual word embedding mappings with a multi-step framework of linear transformations},
  booktitle = {Proceedings of the Thirty-Second AAAI Conference on Artificial Intelligence (AAAI-18)},
  year      = {2018}
}
@article{dinu2014improving,
  title={Improving zero-shot learning by mitigating the hubness problem},
  author={Dinu, Georgiana and Lazaridou, Angeliki and Baroni, Marco},
  journal={arXiv preprint arXiv:1412.6568},
  year={2014}
}

@article{mikolov2013efficient,
  title={Efficient estimation of word representations in vector space},
  author={Mikolov, Tomas and Chen, Kai and Corrado, Greg and Dean, Jeffrey},
  journal={arXiv preprint arXiv:1301.3781},
  year={2013}
}
@article{artetxe2018generalizing,
  title={Generalizing and Improving Bilingual Word Embedding Mappings with a Multi-Step Framework of Linear Transformations},
  author={Artetxe, Mikel and Labaka, Gorka and Agirre, Eneko},
  booktitle={Proceedings of the Thirty-Second AAAI Conference on Artificial Intelligence},
  year={2018}
}
@book{schutze2008introduction,
  title={Introduction to information retrieval},
  author={Sch{\"u}tze, Hinrich and Manning, Christopher D and Raghavan, Prabhakar},
  volume={39},
  year={2008},
  publisher={Cambridge University Press}
}

@book{gerardo,
  title={Introducción a los corpus lingüísticos},
  author={Sierra Martínez, Gerardo},
  volume={39},
  year={2017},
  publisher={Instituto de Ingeniería, UNAM}
}
@article{kovcisky2014learning,
  title={Learning bilingual word representations by marginalizing alignments},
  author={Ko{\v{c}}isk{\`y}, Tom{\'a}{\v{s}} and Hermann, Karl Moritz and Blunsom, Phil},
  journal={arXiv preprint arXiv:1405.0947},
  year={2014}
}
@article{blunsom2014multilingual,
  title={Multilingual Distributed Representations without Word Alignment},
  author={Blunsom, Phil and Hermann, Karl Moritz},
  year={2014}
}
@article{lauly2014learning,
  title={Learning multilingual word representations using a bag-of-words autoencoder},
  author={Lauly, Stanislas and Boulanger, Alex and Larochelle, Hugo},
  journal={arXiv preprint arXiv:1401.1803},
  year={2014}
}
@article{hermann2014multilingual,
  title={Multilingual models for compositional distributed semantics},
  author={Hermann, Karl Moritz and Blunsom, Phil},
  journal={arXiv preprint arXiv:1404.4641},
  year={2014}
}
@article{mikolov2013exploiting,
  title={Exploiting similarities among languages for machine translation},
  author={Mikolov, Tomas and Le, Quoc V and Sutskever, Ilya},
  journal={arXiv preprint arXiv:1309.4168},
  year={2013}
}

@inproceedings{luo2013comparison,
  title={A comparison of association and estimation approaches to alignment in word-to-word translation},
  author={Luo, Juan and Lepage, Yves},
  booktitle={Proceedings of the tenth international Symposium on Natural Language Processing (SNLP 2013)},
  pages={181--186},
  year={2013}
}

@inproceedings{grover2016node2vec,
  title={node2vec: Scalable feature learning for networks},
  author={Grover, Aditya and Leskovec, Jure},
  booktitle={Proceedings of the 22nd ACM SIGKDD International Conference on Knowledge Discovery and Data Mining},
  pages={855--864},
  year={2016},
  organization={ACM}
}

@article{mikolov2013efficient,
  title={Efficient estimation of word representations in vector space},
  author={Mikolov, Tomas and Chen, Kai and Corrado, Greg and Dean, Jeffrey},
  journal={arXiv preprint arXiv:1301.3781},
  year={2013}
}

@book{vapnik1998statistical,
  title={Statistical learning theory},
  author={Vapnik, Vladimir Naumovich},
  volume={1},
  year={1998},
  publisher={Wiley New York}
}

@inproceedings{hinton2003stochastic,
  title={Stochastic neighbor embedding},
  author={Hinton, Geoffrey E and Roweis, Sam T},
  booktitle={Advances in neural information processing systems},
  pages={857--864},
  year={2003}
}

@article{goldberg2014word2vec,
  title={word2vec explained: Deriving mikolov et al.'s negative-sampling word-embedding method},
  author={Goldberg, Yoav and Levy, Omer},
  journal={arXiv preprint arXiv:1402.3722},
  year={2014}
}

@article{adamic2003friends,
  title={Friends and neighbors on the web},
  author={Adamic, Lada A and Adar, Eytan},
  journal={Social networks},
  volume={25},
  number={3},
  pages={211--230},
  year={2003},
  publisher={Elsevier}
}

@article{walker1974new,
  title={New fast method for generating discrete random numbers with arbitrary frequency distributions},
  author={Walker, Alastair J},
  journal={Electronics Letters},
  volume={10},
  number={8},
  pages={127--128},
  year={1974},
  publisher={IET}
}

@article{kronmal1979alias,
  title={On the alias method for generating random variables from a discrete distribution},
  author={Kronmal, Richard A and Peterson Jr, Arthur V},
  journal={The American Statistician},
  volume={33},
  number={4},
  pages={214--218},
  year={1979},
  publisher={Taylor \& Francis}
}

@article{baroni2014frege,
  title={Frege in space: A program of compositional distributional semantics},
  author={Baroni, Marco and Bernardi, Raffaela and Zamparelli, Roberto},
  journal={LiLT (Linguistic Issues in Language Technology)},
  volume={9},
  year={2014}
}

@article{turney2010frequency,
  title={From frequency to meaning: Vector space models of semantics},
  author={Turney, Peter D and Pantel, Patrick},
  journal={Journal of artificial intelligence research},
  volume={37},
  pages={141--188},
  year={2010}
}

@article{pedersen2007measures,
  title={Measures of semantic similarity and relatedness in the biomedical domain},
  author={Pedersen, Ted and Pakhomov, Serguei VS and Patwardhan, Siddharth and Chute, Christopher G},
  journal={Journal of biomedical informatics},
  volume={40},
  number={3},
  pages={288--299},
  year={2007},
  publisher={Elsevier}
}

@inproceedings{corley2005measuring,
  title={Measuring the semantic similarity of texts},
  author={Corley, Courtney and Mihalcea, Rada},
  booktitle={Proceedings of the ACL workshop on empirical modeling of semantic equivalence and entailment},
  pages={13--18},
  year={2005},
  organization={Association for Computational Linguistics}
}

@article{yan2014graph,
  title={Graph embedding and extensions: A general framework for dimensionality reduction},
  author={Yan, Shuicheng and Xu, Dong and Zhang, Benyu and Zhang, Hong-Jiang and Yang, Qiang and Lin, Stephen},
  journal={IEEE transactions on pattern analysis and machine intelligence},
  volume={29},
  number={1},
  pages={40--51},
  year={2014},
  publisher={IEEE}
}

@article{bengio2003neural,
  title={A neural probabilistic language model},
  author={Bengio, Yoshua and Ducharme, R{\'e}jean and Vincent, Pascal and Jauvin, Christian},
  journal={Journal of machine learning research},
  volume={3},
  number={Feb},
  pages={1137--1155},
  year={2003}
}

@article{al2013polyglot,
  title={Polyglot: Distributed word representations for multilingual nlp},
  author={Al-Rfou, Rami and Perozzi, Bryan and Skiena, Steven},
  journal={arXiv preprint arXiv:1307.1662},
  year={2013}
}

@article{hermann2013multilingual,
  title={Multilingual distributed representations without word alignment},
  author={Hermann, Karl Moritz and Blunsom, Phil},
  journal={arXiv preprint arXiv:1312.6173},
  year={2013}
}



@inproceedings{brown1991word,
  title={Word-sense disambiguation using statistical methods},
  author={Brown, Peter F and Pietra, Stephen A Della and Pietra, Vincent J Della and Mercer, Robert L},
  booktitle={Proceedings of the 29th annual meeting on Association for Computational Linguistics},
  pages={264--270},
  year={1991},
  organization={Association for Computational Linguistics}
}

@article{brown1993mathematics,
  title={The mathematics of statistical machine translation: Parameter estimation},
  author={Brown, Peter F and Pietra, Vincent J Della and Pietra, Stephen A Della and Mercer, Robert L},
  journal={Computational linguistics},
  volume={19},
  number={2},
  pages={263--311},
  year={1993},
  publisher={MIT Press}
}

@article{harris1954distributional,
  title={Distributional structure},
  author={Harris, Zellig S},
  journal={Word},
  volume={10},
  number={2-3},
  pages={146--162},
  year={1954},
  publisher={Taylor \& Francis}
}

@article{firth1957synopsis,
  title={A synopsis of linguistic theory, 1930-1955},
  author={Firth, John R},
  journal={Studies in linguistic analysis},
  year={1957},
  publisher={Basil Blackwell}
}

@article{tufics2002revealing,
  title={Revealing Translators' Knowledge: Statistical Methods in Constructing Practical Translation Lexicons for Language and Speech Processing},
  author={Tufi{\c{s}}, Dan and Barbu, Ana Maria},
  journal={International Journal of Speech Technology},
  volume={5},
  number={3},
  pages={199--209},
  year={2002},
  publisher={Springer}
}

@inproceedings{ahrenberg1998simple,
  title={A simple hybrid aligner for generating lexical correspondences in parallel texts},
  author={Ahrenberg, Lars and Andersson, Mikael and Merkel, Magnus},
  booktitle={Proceedings of the 17th international conference on Computational linguistics-Volume 1},
  pages={29--35},
  year={1998},
  organization={Association for Computational Linguistics}
}

@incollection{fung2000statistical,
  title={A statistical view on bilingual lexicon extraction},
  author={Fung, Pascale},
  booktitle={Parallel Text Processing},
  pages={219--236},
  year={2000},
  publisher={Springer}
}

@inproceedings{lardilleux2009sampling,
  title={Sampling-based multilingual alignment},
  author={Lardilleux, Adrien and Lepage, Yves},
  booktitle={Recent Advances in Natural Language Processing},
  pages={214--218},
  year={2009}
}

@inproceedings{gutierrez2016axolotl,
  title={Axolotl: a Web Accessible Parallel Corpus for Spanish-Nahuatl.},
  author={Gutierrez-Vasques, Ximena and Sierra, Gerardo and Pompa, Isaac Hernandez},
  booktitle={LREC},
  year={2016}
}


@article{maaten2008visualizing,
  title={Visualizing data using t-SNE},
  author={Maaten, Laurens van der and Hinton, Geoffrey},
  journal={Journal of Machine Learning Research},
  volume={9},
  number={Nov},
  pages={2579--2605},
  year={2008}
}

@article{ximena2017bilingual,
  intype = {to appear in},
  title={Exploring bilingual lexicon extraction for Spanish-Nahuatl},
  author={Gutierrez-Vasques,Ximena},
  journal={ACL Workshop in Women and Underrepresenting Minorities in Natural Language Processing},
  year={forthcoming}
}

@article{levy2016strong,
  title={A strong baseline for learning cross-lingual word embeddings from sentence alignments},
  author={Levy, Omer and S{\o}gaard, Anders and Goldberg, Yoav and Ramat-Gan, Israel},
  journal={arXiv preprint arXiv:1608.05426},
  year={2016}
}

@article{pelevina2017making,
  title={Making sense of word embeddings},
  author={Pelevina, Maria and Arefyev, Nikolay and Biemann, Chris and Panchenko, Alexander},
  journal={arXiv preprint arXiv:1708.03390},
  year={2017}
}

@article{newman2017second,
  title={Second-Order Word Embeddings from Nearest Neighbor Topological Features},
  author={Newman-Griffis, Denis and Fosler-Lussier, Eric},
  journal={arXiv preprint arXiv:1705.08488},
  year={2017}
}
@article{mikolov2013efficient,
  title={Efficient estimation of word representations in vector space},
  author={Mikolov, Tomas and Chen, Kai and Corrado, Greg and Dean, Jeffrey},
  journal={arXiv preprint arXiv:1301.3781},
  year={2013}
}
@inproceedings{tufics2002lexical,
  title={Lexical token alignment: Experiments, results and applications},
  author={Tufi{\c{s}}, Dan and Barbu, Ana-Maria},
  booktitle={Third International Conference on Language Resources and Evaluation (LREC 2002), Las Palmas},
  pages={458--465},
  year={2002}
}
@inproceedings{ahrenberg1998simple,
  title={A simple hybrid aligner for generating lexical correspondences in parallel texts},
  author={Ahrenberg, Lars and Andersson, Mikael and Merkel, Magnus},
  booktitle={Proceedings of the 17th international conference on Computational linguistics-Volume 1},
  pages={29--35},
  year={1998},
  organization={Association for Computational Linguistics}
}
@inproceedings{fung1998ir,
  title={An IR approach for translating new words from nonparallel, comparable texts},
  author={Fung, Pascale and Yee, Lo Yuen},
  booktitle={Proceedings of the 17th international conference on Computational linguistics-Volume 1},
  pages={414--420},
  year={1998},
  organization={Association for Computational Linguistics}
}
@inproceedings{moore2005association,
  title={Association-based bilingual word alignment},
  author={Moore, Robert C},
  booktitle={Proceedings of the ACL Workshop on Building and Using Parallel Texts},
  pages={1--8},
  year={2005},
  organization={Association for Computational Linguistics}
}
@inproceedings{lardilleux2012hierarchical,
  title={Hierarchical sub-sentential alignment with Anymalign},
  author={Lardilleux, Adrien and Yvon, Fran{\c{c}}ois and Lepage, Yves},
  booktitle={16th annual conference of the European Association for Machine Translation (EAMT 2012)},
  pages={279--286},
  year={2012}
}
@inproceedings{schafer2002inducing,
  title={Inducing translation lexicons via diverse similarity measures and bridge languages},
  author={Schafer, Charles and Yarowsky, David},
  booktitle={proceedings of the 6th conference on Natural language learning-Volume 20},
  pages={1--7},
  year={2002},
  organization={Association for Computational Linguistics}
}
@inproceedings{mimno2009polylingual,
  title={Polylingual topic models},
  author={Mimno, David and Wallach, Hanna M and Naradowsky, Jason and Smith, David A and McCallum, Andrew},
  booktitle={Proceedings of the 2009 Conference on Empirical Methods in Natural Language Processing: Volume 2-Volume 2},
  pages={880--889},
  year={2009},
  organization={Association for Computational Linguistics}
}
@article{harris1954distributional,
  title={Distributional structure},
  author={Harris, Zellig S},
  journal={Word},
  volume={10},
  number={2-3},
  pages={146--162},
  year={1954},
  publisher={Taylor \& Francis}
}
@article{firth1957papers,
  title={Papers in Linguistics, 0xford: Oxford University Press},
  author={Firth, JR},
  year={1957}
}
@article{lauly2014learning,
  title={Learning multilingual word representations using a bag-of-words autoencoder},
  author={Lauly, Stanislas and Boulanger, Alex and Larochelle, Hugo},
  journal={arXiv preprint arXiv:1401.1803},
  year={2014}
}
@article{hermann2014multilingual,
  title={Multilingual models for compositional distributed semantics},
  author={Hermann, Karl Moritz and Blunsom, Phil},
  journal={arXiv preprint arXiv:1404.4641},
  year={2014}
}
@article{mikolov2013exploiting,
  title={Exploiting similarities among languages for machine translation},
  author={Mikolov, Tomas and Le, Quoc V and Sutskever, Ilya},
  journal={arXiv preprint arXiv:1309.4168},
  year={2013}
}

@inproceedings{tanaka1994construction,
  title={Construction of a bilingual dictionary intermediated by a third language},
  author={Tanaka, Kumiko and Umemura, Kyoji},
  booktitle={Proceedings of the 15th conference on Computational linguistics-Volume 1},
  pages={297--303},
  year={1994},
  organization={Association for Computational Linguistics}
}
@article{wu2007pivot,
  title={Pivot language approach for phrase-based statistical machine translation},
  author={Wu, Hua and Wang, Haifeng},
  journal={Machine Translation},
  volume={21},
  number={3},
  pages={165--181},
  year={2007},
  publisher={Springer}
}
@inproceedings{lazaridou2013compositional,
  title={Compositional-ly Derived Representations of Morphologically Complex Words in Distributional Semantics.},
  author={Lazaridou, Angeliki and Marelli, Marco and Zamparelli, Roberto and Baroni, Marco},
  booktitle={ACL (1)},
  pages={1517--1526},
  year={2013}
}
@inproceedings{botha2014compositional,
  title={Compositional morphology for word representations and language modelling},
  author={Botha, Jan and Blunsom, Phil},
  booktitle={International Conference on Machine Learning},
  pages={1899--1907},
  year={2014}
}
@inproceedings{soricut2015unsupervised,
  title={Unsupervised Morphology Induction Using Word Embeddings.},
  author={Soricut, Radu and Och, Franz Josef},
  booktitle={HLT-NAACL},
  pages={1627--1637},
  year={2015}
}
@article{niessen2004statistical,
  title={Statistical machine translation with scarce resources using morpho-syntactic information},
  author={Nie{\ss}en, Sonja and Ney, Hermann},
  journal={Computational linguistics},
  volume={30},
  number={2},
  pages={181--204},
  year={2004},
  publisher={MIT Press}
}
@inproceedings{kwon2013bilingual,
  title={Bilingual lexicon extraction via pivot language and word alignment tool},
  author={Kwon, Hong-seok and Seo, Hyeong-won and Kim, Jae-hoon},
  booktitle={Proceedings of the Sixth Workshop on Building and Using Comparable Corpora},
  pages={11--15},
  year={2013}
}

@inproceedings{haghighi2008learning,
  title={Learning Bilingual Lexicons from Monolingual Corpora.},
  author={Haghighi, Aria and Liang, Percy and Berg-Kirkpatrick, Taylor and Klein, Dan},
  booktitle={ACL},
  volume={2008},
  pages={771--779},
  year={2008}
}
@inproceedings{adams2015inducing,
  title={Inducing bilingual lexicons from small quantities of sentence-aligned phonemic transcriptions},
  author={Adams, Oliver and Neubig, Graham and Cohn, Trevor and Bird, Steven},
  booktitle={12th International Workshop on Spoken Language Translation (IWSLT)},
  year={2015}
}
@article{lardilleux2011contribution,
  title={The contribution of low frequencies to multilingual sub-sentential alignment: a differential associative approach},
  author={Lardilleux, Adrien and Lepage, Yves and Yvon, Fran{\c{c}}ois},
  journal={International Journal of Advanced Intelligence},
  volume={3},
  number={2},
  pages={189--217},
  year={2011}
}
@article{kwon2014iterative,
  title={Iterative bilingual lexicon extraction from comparable corpora using a modified perceptron algorithm},
  author={Kwon, Hong-Seok and Seo, Hyeong-Won and Cheon, MA and Kim, Jae-Hoon},
  journal={Journal of Contemporary Engineering Sciences},
  volume={7},
  number={24},
  pages={1335--1343},
  year={2014}
}
@inproceedings{cakmak2012word,
  title={Word Alignment for English-Turkish Language Pair},
  author={Cakmak, Mehmet Talha and Acar, S{\"u}leyman and Eryigit, G{\"u}lsen},
  booktitle={LREC},
  pages={2177--2180},
  year={2012},
  
}
@article{monson2006building,
  title={Building NLP systems for two resource-scarce indigenous languages: Mapudungun and Quechua},
  author={Monson, Christian and Llitj{\'o}s, Ariadna Font and Aranovich, Roberto and Levin, Lori and Brown, Ralf and Peterson, Eric and Carbonell, Jaime and Lavie, Alon},
  journal={Strategies for developing machine translation for minority languages},
  pages={15},
  year={2006}
}
@article{brown1993mathematics,
  title={The mathematics of statistical machine translation: Parameter estimation},
  author={Brown, Peter F and Pietra, Vincent J Della and Pietra, Stephen A Della and Mercer, Robert L},
  journal={Computational linguistics},
  volume={19},
  number={2},
  pages={263--311},
  year={1993},
  publisher={MIT Press}
}
@inproceedings{lardilleux2009sampling,
  title={Sampling-based multilingual alignment},
  author={Lardilleux, Adrien and Lepage, Yves},
  booktitle={Recent Advances in Natural Language Processing},
  pages={214--218},
  year={2009}
}
@article{levy2016strong,
  title={A Strong Baseline for Learning Cross-Lingual Word Embeddings from Sentence Alignments},
  author={Levy, Omer and S{\o}gaard, Anders and Goldberg, Yoav and Ramat-Gan, Israel},
  journal={arXiv preprint arXiv:1608.05426},
  year={2016}
}

@article{dressler1985suppletion,
  title={Suppletion in word formation},
  author={Dressler, Wolfgang U},
  journal={Historical semantics—historical word-formation},
  pages={97--112},
  year={1985}
}
@book{veselinova2006suppletion,
  title={Suppletion in verb paradigms: bits and pieces of the puzzle},
  author={Veselinova, Ljuba N},
  volume={67},
  year={2006},
  publisher={John Benjamins Publishing}
}
@book{lara1979investigaciones,
  title={Investigaciones ling{\"u}{\'\i}sticas en lexicograf{\'\i}a},
  author={Lara, Luis Fernando},
  volume={89},
  year={1979},
  publisher={Colegio de M{\'e}xico, Centro de Estudios Ling{\"u}{\'\i}sticos y Literarios}
}
@article{virpioja2011empirical,
  title={Empirical Comparison of Evaluation Methods for Unsupervised Learning of Morphology.},
  author={Virpioja, Sami and Turunen, Ville T and Spiegler, Sebastian and Kohonen, Oskar and Kurimo, Mikko},
  journal={TAL},
  volume={52},
  number={2},
  pages={45--90},
  year={2011}
}

@inproceedings{smit2014morfessor,
  title={Morfessor 2.0: Toolkit for statistical morphological segmentation},
  author={Smit, Peter and Virpioja, Sami and Gr{\"o}nroos, Stig-Arne and Kurimo, Mikko and others},
  booktitle={The 14th Conference of the European Chapter of the Association for Computational Linguistics (EACL), Gothenburg, Sweden, April 26-30, 2014},
  year={2014},
  organization={Aalto University}
}
@article{mendez2016unsupervised,
  title={Unsupervised morphological segmentation based on affixality measurements},
  author={M{\'e}ndez-Cruz, Carlos-Francisco and Medina-Urrea, Alfonso and Sierra, Gerardo},
  journal={Pattern Recognition Letters},
  volume={84},
  pages={127--133},
  year={2016},
  publisher={Elsevier}
}
@article{urrea2000automatic,
  title={Automatic discovery of affixes by means of a corpus: A catalog of spanish affixes},
  author={Medina-Urrea, Alfonso},
  journal={Journal of quantitative linguistics},
  volume={7},
  number={2},
  pages={97--114},
  year={2000},
  publisher={Taylor \& Francis}
}
@inproceedings{Marc2,
  title={Chachalaca en CEN, Juntamente},
  author={Thouvenot, Marc},
  booktitle={Compendio Enciclopedico del Nahuatl, DVD},
  year={2011},
  organization={INAH}
}
@article{virpioja2013morfessor,
  title={Morfessor 2.0: Python implementation and extensions for Morfessor Baseline},
  author={Virpioja, Sami and Smit, Peter and Gr{\"o}nroos, Stig-Arne and Kurimo, Mikko and others},
  year={2013},
  publisher={Aalto University}
}
@inproceedings{monson2004unsupervised,
  title={Unsupervised induction of natural language morphology inflection classes},
  author={Monson, Christian and Lavie, Alon and Carbonell, Jaime and Levin, Lori},
  booktitle={Proceedings of the 7th Meeting of the ACL Special Interest Group in Computational Phonology: Current Themes in Computational Phonology and Morphology},
  pages={52--61},
  year={2004},
  organization={Association for Computational Linguistics}
}

@inproceedings{gelbukh2008division,
  title={Division of Spanish Words into Morphemes with a Genetic Algorithm},
  author={Gelbukh, Alexander and Sidorov, Grigori and Lara-Reyes, Diego and Chanona-Hernandez, Liliana},
  booktitle={International Conference on Application of Natural Language to Information Systems},
  pages={19--26},
  year={2008},
  organization={Springer}
}

@misc{porter2001snowball,
  title={Snowball: A language for stemming algorithms},
  author={Porter, Martin F},
  year={2001}
}	


@InProceedings{GUTIERREZVASQUES16.1068,
  author = {Ximena Gutierrez-Vasques and Gerardo Sierra and Isaac Hernandez Pompa},
  title = {Axolotl: a Web Accessible Parallel Corpus for Spanish-Nahuatl},
  booktitle = {Proceedings of the Tenth International Conference on Language Resources and Evaluation (LREC 2016)},
  year = {2016},
 }
@article{mayer2014extraction,
  title={From the extraction of continuous features in parallel texts to visual analytics of heterogeneous areal-typological datasets},
  author={Mayer, Thomas and W{\"a}lchli, Bernhard and Rohrdantz, Christian and Hund, Michael},
  journal={Language Processing and Grammars. The role of functionally oriented computational models},
  pages={13--38},
  year={2014}
}
@article{kelih2010type,
  title={The type-token relationship in Slavic parallel texts},
  author={Kelih, Emmerich},
  journal={Glottometrics},
  volume={20},
  pages={1--11},
  year={2010}
}
@article{bentz2016comparison,
  title={A comparison between morphological complexity measures: typological data vs. language corpora},
  author={Bentz, Christian and Soldatova, Tatjana and Koplenig, Alexander and Samard{\v{z}}i{\'c}, Tanja},
  year={2016}
}
@book{herdan1966advanced,
  title={The advanced theory of language as choice and chance},
  author={Herdan, Gustav},
  year={1966},
  publisher={Springer-Verlag New York}
}

@article{stamatatos2009survey,
  title={A survey of modern authorship attribution methods},
  author={Stamatatos, Efstathios},
  journal={Journal of the American Society for information Science and Technology},
  volume={60},
  number={3},
  pages={538--556},
  year={2009},
  publisher={Wiley Online Library}
}
@article{altmann2008anleitung,
  title={Anleitung zu quantitativen Textanalysen},
  author={Altmann, Vivien and Altmann, Gabriel},
  journal={Methoden und Anwendungen},
  year={2008},
  publisher={Ludenscheid: Ram-Verlag}
}
@article{kettunen2014can,
  title={Can type-token ratio be used to show morphological complexity of languages?},
  author={Kettunen, Kimmo},
  journal={Journal of Quantitative Linguistics},
  volume={21},
  number={3},
  pages={223--245},
  year={2014},
  publisher={Taylor \& Francis}
}
@article{mitchell2015type,
  title={Type-token models: a comparative study},
  author={Mitchell, David},
  journal={Journal of Quantitative Linguistics},
  volume={22},
  number={1},
  pages={1--21},
  year={2015},
  publisher={Taylor \& Francis}
}
@book{Aho:72,
    author  = {Alfred V. Aho and Jeffrey D. Ullman},
    title   = {The Theory of Parsing, Translation and Compiling},
    year    = "1972",
    volume  = "1",
    publisher = {Prentice-Hall},
    address = {Englewood Cliffs, NJ}
}


@book{APA:83,
    author  = {{American Psychological Association}},
    title   = {Publications Manual},
    year    = "1983",
   publisher = {American Psychological Association},
   address = {Washington, DC}
}

@incollection{ACM:83,
	author = {Association for Computing Machinery},
	year = "1983",
	booktitle = {Computing Reviews},
	volume = "24",
	number = "11",
	pages = "503--512"
}

@article{Chandra:81,
	author = {Ashok K. Chandra and Dexter C. Kozen and Larry J. Stockmeyer},
	year = "1981",
	title = {Alternation},
	journal = {Journal of the Association for Computing Machinery},
	volume = "28",
	number = "1",
	pages = "114--133"
}


@book{Gusfield:97,
    author  = {Dan Gusfield},
    title   = {Algorithms on Strings, Trees and Sequences},
    year    = "1997",
    publisher = {Cambridge University Press},
    address = {Cambridge, UK}
}

@book{Aho:72,
    author  = {Alfred V. Aho and Jeffrey D. Ullman},
    title   = {The Theory of Parsing, Translation and Compiling},
    year    = "1972",
    volume  = "1",
    publisher = {Prentice-Hall},
    address = {Englewood Cliffs, NJ}
}

@book{APA:83,
    author  = {{American Psychological Association}},
    title   = {Publications Manual},
    year    = "1983",
   publisher = {American Psychological Association},
   address = {Washington, DC}
}

@article{ACM:83,
	author = {Association for Computing Machinery},
	year = "1983",
	journal = {Computing Reviews},
	volume = "24",
	number = "11",
	pages = "503--512"
}

@article{Chandra:81,
	author = {Ashok K. Chandra and Dexter C. Kozen and Larry J. Stockmeyer},
	year = "1981",
	title = {Alternation},
	journal = {Journal of the Association for Computing Machinery},
	volume = "28",
	number = "1",
	pages = "114--133",
	doi = "10.1145/322234.322243",
}

@book{Gusfield:97,
    author  = {Dan Gusfield},
    title   = {Algorithms on Strings, Trees and Sequences},
    year    = "1997",
    publisher = {Cambridge University Press},
    address = {Cambridge, UK}
}

@InProceedings{P16-1001,
  author =	"Goodman, James
  	 and Vlachos, Andreas
	     and Naradowsky, Jason",
  title =    "Noise reduction and targeted exploration in imitation learning for      Abstract Meaning Representation parsing    ",
  booktitle = 	    "Proceedings of the 54th Annual Meeting of the Association for      Computational Linguistics (Volume 1: Long Papers)    ",
  year =    "2016",
  publisher =	"Association for Computational Linguistics",
  pages =   "1--11",
  location =	"Berlin, Germany",
  doi =    "10.18653/v1/P16-1001",
  url =    "http://aclweb.org/anthology/P16-1001"
}

@InProceedings{C14-1001,
  author =	"Harper, Mary",
  title = 	"Learning from 26 Languages: Program Management and Science in the Babel Program",
  booktitle = 	"Proceedings of COLING 2014, the 25th International Conference on Computational Linguistics: Technical Papers",
  year =    "2014",
  publisher =	"Dublin City University and Association for Computational Linguistics",
  pages =   "1",
  location =	"Dublin, Ireland",
  url =    "http://aclweb.org/anthology/C14-1001"
}



@inproceedings{kwon2013bilingual,
  title={Bilingual lexicon extraction via pivot language and word alignment tool},
  author={Kwon, Hong-seok and Seo, Hyeong-won and Kim, Jae-hoon},
  booktitle={Proceedings of the Sixth Workshop on Building and Using Comparable Corpora},
  pages={11--15},
  year={2013}
}
@article{vulic2016role,
  title={On the role of seed lexicons in learning bilingual word embeddings},
  author={Vulic, Ivan and Korhonen, Anna-Leena},
  year={2016}
}
@book{baerman2015understanding, title={Understanding and measuring morphological complexity}, author={Baerman, Matthew and Brown, Dunstan and Corbett, Greville G}, year={2015}, publisher={Oxford University Press, USA} }

@article{anderson2015dimensions, title={Dimensions of morphological complexity}, author={Anderson, Stephen R}, journal={Understanding and measuring morphological complexity}, pages={11--26}, year={2015}, publisher={Oxford University Presse Oxford} }

@article{baerman2010morphological, title={Morphological complexity: a typological perspective}, author={Baerman, Matthew and Brown, Dunstan and Corbett, Greville G}, journal={Surrey: University of Surrey, MS. Online: http://www. morphology. surrey. ac. uk/Papers/Morphological\_complexity. pdf}, year={2010} }

@book{sampson2009language, title={Language complexity as an evolving variable}, author={Sampson, Geoffrey and Gil, David and Trudgill, Peter}, volume={13}, year={2009}, publisher={Oxford University Press} }

@article{dressler1985suppletion,
  title={Suppletion in word formation},
  author={Dressler, Wolfgang U},
  journal={Historical semantics—historical word-formation},
  pages={97--112},
  year={1985}
}
@book{veselinova2006suppletion,
  title={Suppletion in verb paradigms: bits and pieces of the puzzle},
  author={Veselinova, Ljuba N},
  volume={67},
  year={2006},
  publisher={John Benjamins Publishing}
 }
@inproceedings{monson2004unsupervised,
  title={Unsupervised induction of natural language morphology inflection classes},
  author={Monson, Christian and Lavie, Alon and Carbonell, Jaime and Levin, Lori},
  booktitle={Proceedings of the 7th Meeting of the ACL Special Interest Group in Computational Phonology: Current Themes in Computational Phonology and Morphology},
  pages={52--61},
  year={2004},
  organization={Association for Computational Linguistics}
}
@inproceedings{gelbukh2008division,
  title={Division of Spanish Words into Morphemes with a Genetic Algorithm},
  author={Gelbukh, Alexander and Sidorov, Grigori and Lara-Reyes, Diego and Chanona-Hernandez, Liliana},
  booktitle={International Conference on Application of Natural Language to Information Systems},
  pages={19--26},
  year={2008},
  organization={Springer}
}
@misc{porter2001snowball,
  title={Snowball: A language for stemming algorithms},
  author={Porter, Martin F},
  year={2001}
}
@article{mayer2014extraction,
  title={From the extraction of continuous features in parallel texts to visual analytics of heterogeneous areal-typological datasets},
  author={Mayer, Thomas and W{\"a}lchli, Bernhard and Rohrdantz, Christian and Hund, Michael},
  journal={Language Processing and Grammars. The role of functionally oriented computational models},
  pages={13--38},
  year={2014}
}
@article{kelih2010type,
  title={The type-token relationship in Slavic parallel texts},
  author={Kelih, Emmerich},
  journal={Glottometrics},
  volume={20},
  pages={1--11},
  year={2010}
}
@article{mitchell2015type,
  title={Type-token models: a comparative study},
  author={Mitchell, David},
  journal={Journal of Quantitative Linguistics},
  volume={22},
  number={1},
  pages={1--21},
  year={2015},
  publisher={Taylor \& Francis}
}
@inproceedings{bentz2016comparison,
  title={A comparison between morphological complexity measures: typological data vs. language corpora},
  author={Bentz, Christian and Ruzsics, Tatyana and Koplenig, Alexander and Samardzic, Tanja},
  booktitle={Proceedings of the Workshop on Computational Linguistics for Linguistic Complexity (CL4LC)},
  pages={142--153},
  year={2016}
}

@article{kettunen2014can,
  title={Can type-token ratio be used to show morphological complexity of languages?},
  author={Kettunen, Kimmo},
  journal={Journal of Quantitative Linguistics},
  volume={21},
  number={3},
  pages={223--245},
  year={2014},
  publisher={Taylor \& Francis}
}
@book{herdan1966advanced,
  title={The advanced theory of language as choice and chance},
  author={Herdan, Gustav},
  year={1966},
  publisher={Springer-Verlag New York}
}

@article{stamatatos2009survey,
  title={A survey of modern authorship attribution methods},
  author={Stamatatos, Efstathios},
  journal={Journal of the American Society for information Science and Technology},
  volume={60},
  number={3},
  pages={538--556},
  year={2009},
  publisher={Wiley Online Library}
}
@article{virpioja2011empirical,
  title={Empirical Comparison of Evaluation Methods for Unsupervised Learning of Morphology.},
  author={Virpioja, Sami and Turunen, Ville T and Spiegler, Sebastian and Kohonen, Oskar and Kurimo, Mikko},
  journal={TAL},
  volume={52},
  number={2},
  pages={45--90},
  year={2011}
}
@inproceedings{smit2014morfessor,
  title={Morfessor 2.0: Toolkit for statistical morphological segmentation},
  author={Smit, Peter and Virpioja, Sami and Gr{\"o}nroos, Stig-Arne and Kurimo, Mikko and others},
  booktitle={The 14th Conference of the European Chapter of the Association for Computational Linguistics (EACL), Gothenburg, Sweden, April 26-30, 2014},
  year={2014},
  organization={Aalto University}
}

@book{lara1979investigaciones,
  title={Investigaciones ling{\"u}{\'\i}sticas en lexicograf{\'\i}a},
  author={Lara, Luis Fernando},
  volume={89},
  year={1979},
  publisher={Colegio de M{\'e}xico, Centro de Estudios Ling{\"u}{\'\i}sticos y Literarios}
}
@article{grunwald2004tutorial,
  title={A tutorial introduction to the minimum description length principle},
  author={Grunwald, Peter},
  journal={arXiv preprint math/0406077},
  year={2004}
}
@book{sullivan1976compendio,
  title={Compendio de la gram{\'a}tica n{\'a}huatl},
  author={Sullivan, Thelma D and Le{\'o}n-Portilla, Miguel},
  volume={18},
  year={1976},
  publisher={Universidad nacional aut{\'o}noma de M{\'e}xico, Instituto de investigaciones hist{\'o}ricas}
}
@book{launey1992introduccion,
  title={Introducci{\'o}n a la lengua ya la literatura n{\'a}huatl},
  author={Launey, Michel and Kraft, Cristina},
  year={1992},
  publisher={Univ. Nacional Aut{\'o}noma}
}
@misc{carochi1645arte,
  title={Arte de la lengua mexicana con la declaraci{\'o}n de todos sus adverbios},
  author={Carochi, Horacio},
  publisher={M{\'e}xico},
  year={1645}
}

@inproceedings{volk2014innovations,
  title={Innovations in Parallel Corpus Search Tools.},
  author={Volk, Martin and Gra{\"e}n, Johannes and Callegaro, Elena},
  booktitle={LREC},
  pages={3172--3178},
  year={2014}
}
@article{gomez2012hybrid,
  title={A hybrid corpus-based approach to bilingual terminology extraction},
  author={G{\'o}mez Guinovart, Xavier},
  journal={Encoding the Past, Decoding The Future: Corpora in the 21st Century},
  pages={147--175},
  year={2012}
}
@inproceedings{widdows2002using,
  title={Using Parallel Corpora to enrich Multilingual Lexical Resources.},
  author={Widdows, Dominic and Dorow, Beate and Chan, Chiu-Ki},
  booktitle={LREC},
  pages={240--245},
  year={2002}
}
@article{johansson2007seeing,
  title={Seeing through multilingual corpora},
  author={Johansson, Stig},
  journal={Language and Computers},
  volume={62},
  number={1},
  pages={51--71},
  year={2007},
  publisher={Rodopi}
}
@article{klein2017opennmt,
  title={OpenNMT: Open-Source Toolkit for Neural Machine Translation},
  author={Klein, Guillaume and Kim, Yoon and Deng, Yuntian and Senellart, Jean and Rush, Alexander M},
  journal={arXiv preprint arXiv:1701.02810},
  year={2017}
}
@article{Shannon:2001:MTC:584091.584093,
 author = {Shannon, C. E.},
 title = {A Mathematical Theory of Communication},
 journal = {SIGMOBILE Mob. Comput. Commun. Rev.},
 issue_date = {January 2001},
 volume = {5},
 number = {1},
 month = jan,
 year = {2001},
 issn = {1559-1662},
 pages = {3--55},
 numpages = {53},
 url = {http://doi.acm.org/10.1145/584091.584093},
 doi = {10.1145/584091.584093},
 acmid = {584093},
 publisher = {ACM},
 address = {New York, NY, USA},
} 

@book{alpaydin2016machine,
  title={Machine Learning: The New AI},
  author={Alpaydin, Ethem},
  year={2016},
  publisher={MIT Press}
}
@inproceedings{ruiz2014english,
  title={English-to-hindi system description for wmt 2014: deep source-context features for moses},
  author={Ruiz Costa-Juss{\`a}, Marta and Gupta, Parth and Banchs, Rafael E and Rosso, Paolo},
  booktitle={ACL 2014 Ninth Workshop on statistical machine translation: proceedings of the workshop: June 26-27, 2014, Baltimore, Maryland, USA},
  pages={79--83},
  year={2014},
  organization={Association for Computational Linguistics}
}
@article{zoph2016transfer,
  title={Transfer learning for low-resource neural machine translation},
  author={Zoph, Barret and Yuret, Deniz and May, Jonathan and Knight, Kevin},
  journal={arXiv preprint arXiv:1604.02201},
  year={2016}
}
@inproceedings{kozhevnikov2013cross,
  title={Cross-lingual Transfer of Semantic Role Labeling Models.},
  author={Kozhevnikov, Mikhail and Titov, Ivan},
  booktitle={ACL (1)},
  pages={1190--1200},
  year={2013}
}
@article{aminian2017transferring,
  title={Transferring Semantic Roles Using Translation and Syntactic Information},
  author={Aminian, Maryam and Rasooli, Mohammad Sadegh and Diab, Mona},
  journal={arXiv preprint arXiv:1710.01411},
  year={2017}
}
@article{bojanowski2016enriching,
  title={Enriching Word Vectors with Subword Information},
  author={Bojanowski, Piotr and Grave, Edouard and Joulin, Armand and Mikolov, Tomas},
  journal={arXiv preprint arXiv:1607.04606},
  year={2016}
}
@inproceedings{soricut2015unsupervised,
  title={Unsupervised Morphology Induction Using Word Embeddings.},
  author={Soricut, Radu and Och, Franz Josef},
  booktitle={HLT-NAACL},
  pages={1627--1637},
  year={2015}
}
@inproceedings{pennington2014glove,
  title={Glove: Global vectors for word representation},
  author={Pennington, Jeffrey and Socher, Richard and Manning, Christopher},
  booktitle={Proceedings of the 2014 conference on empirical methods in natural language processing (EMNLP)},
  pages={1532--1543},
  year={2014}
}
@inproceedings{mikolov2013distributed,
  title={Distributed representations of words and phrases and their compositionality},
  author={Mikolov, Tomas and Sutskever, Ilya and Chen, Kai and Corrado, Greg S and Dean, Jeff},
  booktitle={Advances in neural information processing systems},
  pages={3111--3119},
  year={2013}
}
@article{bengio2003neural,
  title={A neural probabilistic language model},
  author={Bengio, Yoshua and Ducharme, R{\'e}jean and Vincent, Pascal and Jauvin, Christian},
  journal={Journal of machine learning research},
  volume={3},
  number={Feb},
  pages={1137--1155},
  year={2003}
}
@inproceedings{tiedemann2000word,
  title={Word alignment step by step},
  author={Tiedemann, J{\"o}rg},
  booktitle={Proceedings of the 12th Nordic Conference of Computational Linguistics (NODALIDA 1999)},
  pages={216--227},
  year={2000}
}
@article{smadja1996translating,
  title={Translating collocations for bilingual lexicons: A statistical approach},
  author={Smadja, Frank and McKeown, Kathleen R and Hatzivassiloglou, Vasileios},
  journal={Computational linguistics},
  volume={22},
  number={1},
  pages={1--38},
  year={1996},
  publisher={MIT Press}
}
@article{turney2010frequency,
  title={From frequency to meaning: Vector space models of semantics},
  author={Turney, Peter D and Pantel, Patrick},
  journal={Journal of artificial intelligence research},
  volume={37},
  pages={141--188},
  year={2010}
}
@article{baroni2010distributional,
  title={Distributional memory: A general framework for corpus-based semantics},
  author={Baroni, Marco and Lenci, Alessandro},
  journal={Computational Linguistics},
  volume={36},
  number={4},
  pages={673--721},
  year={2010},
  publisher={MIT Press}
}
@article{church1990word,
  title={Word association norms, mutual information, and lexicography},
  author={Church, Kenneth Ward and Hanks, Patrick},
  journal={Computational linguistics},
  volume={16},
  number={1},
  pages={22--29},
  year={1990},
  publisher={MIT Press}
}
@article{sparck1972statistical,
  title={A statistical interpretation of term specificity and its application in retrieval},
  author={Sparck Jones, Karen},
  journal={Journal of documentation},
  volume={28},
  number={1},
  pages={11--21},
  year={1972},
  publisher={MCB UP Ltd}
}
@inproceedings{mirza2013ccg,
  title={CCG Categories for Distributional Semantic Models.},
  author={Mirza, Paramita and Bernardi, Raffaella},
  booktitle={RANLP},
  pages={467--474},
  year={2013}
}
@article{pado2007dependency,
  title={Dependency-based construction of semantic space models},
  author={Pad{\'o}, Sebastian and Lapata, Mirella},
  journal={Computational Linguistics},
  volume={33},
  number={2},
  pages={161--199},
  year={2007},
  publisher={MIT Press}
}
@inproceedings{lin1998automatic,
  title={Automatic retrieval and clustering of similar words},
  author={Lin, Dekang},
  booktitle={Proceedings of the 17th international conference on Computational linguistics-Volume 2},
  pages={768--774},
  year={1998},
  organization={Association for Computational Linguistics}
}
@article{griffiths2007topics,
  title={Topics in semantic representation.},
  author={Griffiths, Thomas L and Steyvers, Mark and Tenenbaum, Joshua B},
  journal={Psychological review},
  volume={114},
  number={2},
  pages={211},
  year={2007},
  publisher={American Psychological Association}
}
@article{deerwester1990indexing,
  title={Indexing by latent semantic analysis},
  author={Deerwester, Scott and Dumais, Susan T and Furnas, George W and Landauer, Thomas K and Harshman, Richard},
  journal={Journal of the American society for information science},
  volume={41},
  number={6},
  pages={391},
  year={1990},
  publisher={American Documentation Institute}
}

@article{lund1996producing,
  title={Producing high-dimensional semantic spaces from lexical co-occurrence},
  author={Lund, Kevin and Burgess, Curt},
  journal={Behavior Research Methods, Instruments, \& Computers},
  volume={28},
  number={2},
  pages={203--208},
  year={1996},
  publisher={Springer}
}

@article{weaver1955translation,
  title={Translation},
  author={Weaver, Warren},
  journal={Machine translation of languages},
  volume={14},
  pages={15--23},
  year={1955},
  publisher={Cambridge: Technology Press, MIT}
}

@book{wittgenstein2010philosophical,
  title={Philosophical investigations},
  author={Wittgenstein, Ludwig},
  year={2010},
  publisher={John Wiley \& Sons}
}
@inproceedings{koehn2003statistical,
  title={Statistical phrase-based translation},
  author={Koehn, Philipp and Och, Franz Josef and Marcu, Daniel},
  booktitle={Proceedings of the 2003 Conference of the North American Chapter of the Association for Computational Linguistics on Human Language Technology-Volume 1},
  pages={48--54},
  year={2003},
  organization={Association for Computational Linguistics}
}
@inproceedings{oard2003desparately,
  title={Desparately seeking cebuano},
  author={Oard, Douglas W and Doermann, David and Dorr, Bonnie and He, Daqing and Resnik, Philip and Weinberg, Amy and Byrne, William and Khudanpur, Sanjeev and Yarowsky, David and Leuski, Anton and others},
  booktitle={Proceedings of the 2003 Conference of the North American Chapter of the Association for Computational Linguistics on Human Language Technology: companion volume of the Proceedings of HLT-NAACL 2003--short papers-Volume 2},
  pages={76--78},
  year={2003},
  organization={Association for Computational Linguistics}
}
@inproceedings{germann2001fast,
  title={Fast decoding and optimal decoding for machine translation},
  author={Germann, Ulrich and Jahr, Michael and Knight, Kevin and Marcu, Daniel and Yamada, Kenji},
  booktitle={Proceedings of the 39th Annual Meeting on Association for Computational Linguistics},
  pages={228--235},
  year={2001},
  organization={Association for Computational Linguistics}
}
@book{koehn2009statistical,
  title={Statistical machine translation},
  author={Koehn, Philipp},
  year={2009},
  publisher={Cambridge University Press}
}
@inproceedings{ahrenberg2000evaluation,
  title={Evaluation of Word Alignment Systems.},
  author={Ahrenberg, Lars and Merkel, Magnus and Hein, Anna S{\aa}gvall and Tiedemann, J{\"o}rg},
  booktitle={LREC},
  volume={2000},
  pages={1255--1261},
  year={2000}
}
@article{melamed1995automatic,
  title={Automatic evaluation and uniform filter cascades for inducing n-best translation lexicons},
  author={Melamed, I Dan},
  journal={arXiv preprint cmp-lg/9505044},
  year={1995}
}
@article{resnik2003web,
  title={The web as a parallel corpus},
  author={Resnik, Philip and Smith, Noah A},
  journal={Computational Linguistics},
  volume={29},
  number={3},
  pages={349--380},
  year={2003},
  publisher={MIT Press}
}
@article{magaz2003corpus,
  title={El corpus paralelo: herramienta para el estudio de textos procedentes del ingl{\'e}s moderno temprano y sus traducciones al espa{\~n}ol},
  author={Magaz, Judit Martínez},
  year={2003},
  publisher={Asociaci{\'o}n de J{\'o}venes Ling{\"u}istas}
}
@book{mitkov2005oxford,
  title={The Oxford handbook of computational linguistics},
  author={Mitkov, Ruslan},
  year={2005},
  publisher={Oxford University Press}
}
@techreport{gelbukh2006procesamiento,
  title={Procesamiento autom{\'a}tico del espa{\~n}ol con enfoque en recursos l{\'e}xicos grandes},
  author={Gelbukh, Alexander and Sidorov, Grigori and Alexander Gelbukh, Grigori Sidorov},
  year={2006},
  institution={e-libro, Corp.}
}
@article{pierce1966language,
  title={Language and machines: Computers in translation and linguistics},
  author={Pierce, John R and Carroll, John B},
  year={1966},
  publisher={National Academy of Sciences/National Research Council}
}
@article{lees1957syntactic,
  title={Syntactic structures},
  author={Lees, Robert B and Chomsky, Noam},
  journal={Language},
  volume={33},
  number={3 Part 1},
  pages={375--408},
  year={1957}
}

@article{chatrchyan2010measurement,
  title={Measurement of the muon stopping power in lead tungstate},
  author={Chatrchyan, Serguei and Khachatryan, V and Sirunyan, AM and Adam, W and Arnold, B and Bergauer, H and Bergauer, T and Dragicevic, M and Eichberger, M and Er{\"o}, J and others},
  journal={Journal of Instrumentation},
  volume={5},
  number={3},
  pages={P03007--P03007},
  year={2010}
}

@article{sanchez2001investigacion,
  title={Investigaci{\'o}n y an{\'a}lisis mediante corpus ling{\"u}{\'\i}sticos: el poder de atracci{\'o}n de las palabras},
  author={S{\'a}nchez, Aquilino},
  journal={Pathways of translation studies, Valladolid: Universidad},
  pages={11--46},
  year={2001}
}
@book{nilsson2009quest,
  title={The quest for artificial intelligence},
  author={Nilsson, Nils J},
  year={2009},
  publisher={Cambridge University Press}
}
@article{lardilleux2011contribution,
  title={The contribution of low frequencies to multilingual sub-sentential alignment: a differential associative approach},
  author={Lardilleux, Adrien and Lepage, Yves and Yvon, Fran{\c{c}}ois},
  journal={International Journal of Advanced Intelligence},
  volume={3},
  number={2},
  pages={189--217},
  year={2011}
}

@inproceedings{tiedemann2003combining,
  title={Combining clues for word alignment},
  author={Tiedemann, J{\"o}rg},
  booktitle={Proceedings of the tenth conference on European chapter of the Association for Computational Linguistics-Volume 1},
  pages={339--346},
  year={2003},
  organization={Association for Computational Linguistics}
}
@article{mikolov2013exploiting,
  title={Exploiting similarities among languages for machine translation},
  author={Mikolov, Tomas and Le, Quoc V and Sutskever, Ilya},
  journal={arXiv preprint arXiv:1309.4168},
  year={2013}
}
@inproceedings{moore2005association,
  title={Association-based bilingual word alignment},
  author={Moore, Robert C},
  booktitle={Proceedings of the ACL Workshop on Building and Using Parallel Texts},
  pages={1--8},
  year={2005},
  organization={Association for Computational Linguistics}
}
@article{niessen2004statistical,
  title={Statistical machine translation with scarce resources using morpho-syntactic information},
  author={Nie{\ss}en, Sonja and Ney, Hermann},
  journal={Computational linguistics},
  volume={30},
  number={2},
  pages={181--204},
  year={2004},
  publisher={MIT Press}
}
@inproceedings{tufis2006improved,
  title={Improved Lexical Alignment by Combining Multiple Reified Alignments.},
  author={Tufis, Dan and Ion, Radu and Ceausu, Alexandru and Stefanescu, Dan},
  booktitle={EACL},
  year={2006}
}

@inproceedings{irvine2013statistical,
  title={Statistical Machine Translation in Low Resource Settings.},
  author={Irvine, Ann},
  booktitle={HLT-NAACL},
  pages={54--61},
  year={2013}
}

@article{hermann2013multilingual,
  title={Multilingual distributed representations without word alignment},
  author={Hermann, Karl Moritz and Blunsom, Phil},
  journal={arXiv preprint arXiv:1312.6173},
  year={2013}
}
@inproceedings{zou2013bilingual,
  title={Bilingual Word Embeddings for Phrase-Based Machine Translation.},
  author={Zou, Will Y and Socher, Richard and Cer, Daniel M and Manning, Christopher D},
  booktitle={EMNLP},
  pages={1393--1398},
  year={2013}
}
@article{klementiev2012inducing,
  title={Inducing crosslingual distributed representations of words},
  author={Klementiev, Alexandre and Titov, Ivan and Bhattarai, Binod},
  year={2012},
  publisher={Citeseer}
}
@article{levy2015improving,
  title={Improving distributional similarity with lessons learned from word embeddings},
  author={Levy, Omer and Goldberg, Yoav and Dagan, Ido},
  journal={Transactions of the Association for Computational Linguistics},
  volume={3},
  pages={211--225},
  year={2015}
}
@inproceedings{baroni2014don,
  title={Don't count, predict! A systematic comparison of context-counting vs. context-predicting semantic vectors.},
  author={Baroni, Marco and Dinu, Georgiana and Kruszewski, Germ{\'a}n},
  booktitle={ACL (1)},
  pages={238--247},
  year={2014}
}

@article{lapesa2014large,
  title={A large scale evaluation of distributional semantic models: Parameters, interactions and model selection},
  author={Lapesa, Gabriella and Evert, Stefan},
  journal={Transactions of the Association for Computational Linguistics},
  volume={2},
  pages={531--545},
  year={2014}
}
@misc{ Nobody06,
       author = "Nobody Jr",
       title = "My Article",
       year = "2006" }

@inproceedings{gutierrez2015recopilacion,
  title={Recopilaci{\'o}n de un corpus paralelo electr{\'o}nico para una lengua minoritoria: el caso del nahuatl-espa{\~n}ol},
  author={Guti{\'e}rrez-Vasques, Ximena and Vilchis Vargas, Elena Carolina and Roc{\'\i}o, Cerb{\'o}n Yncl{\'a}n},
  booktitle={Primer Congreso Internacional el Patrimonio Cultural y las Nuevas Tecnolog{\'\i}as},
  year={2015},
  organization={INAH}
}


@inproceedings{tiedemann2012parallel,
  title={Parallel Data, Tools and Interfaces in OPUS.},
  author={Tiedemann, J{\"o}rg},
  booktitle={LREC},
  pages={2214--2218},
  year={2012}
}

@article{resnik2003web,
  title={The web as a parallel corpus},
  author={Resnik, Philip and Smith, Noah A},
  journal={Computational Linguistics},
  volume={29},
  number={3},
  pages={349--380},
  year={2003},
  publisher={MIT Press}
}

@inproceedings{haghighi2008learning,
  title={Learning Bilingual Lexicons from Monolingual Corpora.},
  author={Haghighi, Aria and Liang, Percy and Berg-Kirkpatrick, Taylor and Klein, Dan},
  booktitle={ACL},
  volume={2008},
  pages={771--779},
  year={2008}
}

@article{brown1993mathematics,
  title={The mathematics of statistical machine translation: Parameter estimation},
  author={Brown, Peter F and Pietra, Vincent J Della and Pietra, Stephen A Della and Mercer, Robert L},
  journal={Computational linguistics},
  volume={19},
  number={2},
  pages={263--311},
  year={1993},
  publisher={MIT Press}
}

@inproceedings{tufics2002lexical,
  title={Lexical token alignment: Experiments, results and applications},
  author={Tufi{\c{s}}, Dan and Barbu, Ana-Maria},
  booktitle={Proceedings from The Third International Conference on Language Resources anrd Evaluation (LREC-2002), Las Palmas, Spain},
  pages={458--465},
  year={2002}
}

@inproceedings{ahrenberg1998simple,
  title={A simple hybrid aligner for generating lexical correspondences in parallel texts},
  author={Ahrenberg, Lars and Andersson, Mikael and Merkel, Magnus},
  booktitle={Proceedings of the 17th international conference on Computational linguistics-Volume 1},
  pages={29--35},
  year={1998},
  organization={Association for Computational Linguistics}
}

@incollection{fung2000statistical,
  title={A statistical view on bilingual lexicon extraction},
  author={Fung, Pascale},
  booktitle={Parallel Text Processing},
  pages={219--236},
  year={2000},
  publisher={Springer}
}

@inproceedings{schafer2002inducing,
  title={Inducing translation lexicons via diverse similarity measures and bridge languages},
  author={Schafer, Charles and Yarowsky, David},
  booktitle={proceedings of the 6th conference on Natural language learning-Volume 20},
  pages={1--7},
  year={2002},
  organization={Association for Computational Linguistics}
}

@inproceedings{mimno2009polylingual,
  title={Polylingual topic models},
  author={Mimno, David and Wallach, Hanna M and Naradowsky, Jason and Smith, David A and McCallum, Andrew},
  booktitle={Proceedings of the 2009 Conference on Empirical Methods in Natural Language Processing: Volume 2-Volume 2},
  pages={880--889},
  year={2009},
  organization={Association for Computational Linguistics}
}

@inproceedings{rapp1995identifying,
  title={Identifying word translations in non-parallel texts},
  author={Rapp, Reinhard},
  booktitle={Proceedings of the 33rd annual meeting on Association for Computational Linguistics},
  pages={320--322},
  year={1995},
  organization={Association for Computational Linguistics}
}

@inproceedings{rapp1999automatic,
  title={Automatic identification of word translations from unrelated English and German corpora},
  author={Rapp, Reinhard},
  booktitle={Proceedings of the 37th annual meeting of the Association for Computational Linguistics on Computational Linguistics},
  pages={519--526},
  year={1999},
  organization={Association for Computational Linguistics}
}

@inproceedings{fung1998ir,
  title={An IR approach for translating new words from nonparallel, comparable texts},
  author={Fung, Pascale and Yee, Lo Yuen},
  booktitle={Proceedings of the 36th Annual Meeting of the Association for Computational Linguistics and 17th International Conference on Computational Linguistics-Volume 1},
  pages={414--420},
  year={1998},
  organization={Association for Computational Linguistics}
}

@techreport{diab2000statistical,
  title={A statistical word-level translation model for comparable corpora},
  author={Diab, Mona and Finch, Steve},
  year={2000},
  institution={DTIC Document}
}

@inproceedings{dejean2002approach,
  title={An approach based on multilingual thesauri and model combination for bilingual lexicon extraction},
  author={D{\'e}jean, Herv{\'e} and Gaussier, {\'E}ric and Sadat, Fatia},
  booktitle={Proceedings of the 19th international conference on Computational linguistics-Volume 1},
  pages={1--7},
  year={2002},
  organization={Association for Computational Linguistics}
}

@inproceedings{gaussier2004geometric,
  title={A geometric view on bilingual lexicon extraction from comparable corpora},
  author={Gaussier, Eric and Renders, J-M and Matveeva, Irina and Goutte, Cyril and D{\'e}jean, Herv{\'e}},
  booktitle={Proceedings of the 42nd Annual Meeting on Association for Computational Linguistics},
  pages={526},
  year={2004},
  organization={Association for Computational Linguistics}
}

@inproceedings{shezaf2010bilingual,
  title={Bilingual lexicon generation using non-aligned signatures},
  author={Shezaf, Daphna and Rappoport, Ari},
  booktitle={Proceedings of the 48th annual meeting of the association for computational linguistics},
  pages={98--107},
  year={2010},
  organization={Association for Computational Linguistics}
}

@inproceedings{laroche2010revisiting,
  title={Revisiting context-based projection methods for term-translation spotting in comparable corpora},
  author={Laroche, Audrey and Langlais, Philippe},
  booktitle={Proceedings of the 23rd international conference on computational linguistics},
  pages={617--625},
  year={2010},
  organization={Association for Computational Linguistics}
}

@inproceedings{tanaka1994construction,
  title={Construction of a bilingual dictionary intermediated by a third language},
  author={Tanaka, Kumiko and Umemura, Kyoji},
  booktitle={Proceedings of the 15th conference on Computational linguistics-Volume 1},
  pages={297--303},
  year={1994},
  organization={Association for Computational Linguistics}
}

@article{wu2007pivot,
  title={Pivot language approach for phrase-based statistical machine translation},
  author={Wu, Hua and Wang, Haifeng},
  journal={Machine Translation},
  volume={21},
  number={3},
  pages={165--181},
  year={2007},
  publisher={Springer}
}

@inproceedings{tsunakawa2008building,
  title={Building a Bilingual Lexicon Using Phrase-based Statistical Machine Translation via a Pivot Language.},
  author={Tsunakawa, Takashi and Okazaki, Naoaki and Jun'ichi Tsujii},
  booktitle={COLING (Posters)},
  pages={127--130},
  year={2008}
}

@article{seo2013bilingual,
  title={Bilingual Lexicon Extraction via Pivot Language and Word Alignment Tool},
  author={Seo, Hong-Seok Kwon Hyeong-Won and Kim, Jae-Hoon},
  journal={ACL 2013},
  pages={11},
  year={2013},
  publisher={Citeseer}
}

@article{klementiev2012inducing,
  title={Inducing crosslingual distributed representations of words},
  author={Klementiev, Alexandre and Titov, Ivan and Bhattarai, Binod},
  year={2012},
  publisher={Citeseer}
}

@inproceedings{zou2013bilingual,
  title={Bilingual Word Embeddings for Phrase-Based Machine Translation.},
  author={Zou, Will Y and Socher, Richard and Cer, Daniel M and Manning, Christopher D},
  booktitle={EMNLP},
  pages={1393--1398},
  year={2013}
}

@article{khapramultilingual,
  title={Multilingual Deep Learning},
  author={Khapra, Mitesh M and Ravindran, Balaraman and Raykar, Vikas and Saha, Amrita}
}

@article{lauly2014learning,
  title={Learning multilingual word representations using a bag-of-words autoencoder},
  author={Lauly, Stanislas and Boulanger, Alex and Larochelle, Hugo},
  journal={arXiv preprint arXiv:1401.1803},
  year={2014}
}

@article{hermann2014multilingual,
  title={Multilingual models for compositional distributed semantics},
  author={Hermann, Karl Moritz and Blunsom, Phil},
  journal={arXiv preprint arXiv:1404.4641},
  year={2014}
}

@inproceedings{koehn2002learning,
  title={Learning a translation lexicon from monolingual corpora},
  author={Koehn, Philipp and Knight, Kevin},
  booktitle={Proceedings of the ACL-02 workshop on Unsupervised lexical acquisition-Volume 9},
  pages={9--16},
  year={2002},
  organization={Association for Computational Linguistics}
}

@inproceedings{hulden2009foma,
  title={Foma: a finite-state compiler and library},
  author={Hulden, Mans},
  booktitle={Proceedings of the 12th Conference of the European Chapter of the Association for Computational Linguistics: Demonstrations Session},
  pages={29--32},
  year={2009},
  organization={Association for Computational Linguistics}
}

@article{kann2018fortification,
  title={Fortification of neural morphological segmentation models for polysynthetic minimal-resource languages},
  author={Kann, Katharina and Mager, Manuel and Meza-Ruiz, Ivan and Sch{\"u}tze, Hinrich},
  journal={arXiv preprint arXiv:1804.06024},
  year={2018}
}

@article{cotterell2018all,
  title={Are All Languages Equally Hard to Language-Model?},
  author={Cotterell, Ryan and Mielke, Sebastian J and Eisner, Jason and Roark, Brian},
  journal={arXiv preprint arXiv:1806.03743},
  year={2018}
}

@article{luong2013better,
  title={Better word representations with recursive neural networks for morphology},
  author={Luong, Minh-Thang and Socher, Richard and Manning, Christopher D},
  journal={CoNLL-2013},
  volume={104},
  year={2013},
  publisher={Citeseer}
}

@inproceedings{el2013morpheme,
  title={Morpheme-based feature-rich language models using deep neural networks for LVCSR of Egyptian Arabic},
  author={El-Desoky Mousa, A and Kuo, H-KJ and Mangu, Lidia and Soltau, Hagen},
  booktitle={Acoustics, Speech and Signal Processing (ICASSP), 2013 IEEE International Conference on},
  pages={8435--8439},
  year={2013},
  organization={IEEE}
}

@article{botha2014compositional,
  title={Compositional morphology for word representations and language modelling},
  author={Botha, Jan A and Blunsom, Phil},
  journal={arXiv preprint arXiv:1405.4273},
  year={2014}
}

@book{creutz2005unsupervised,
  title={Unsupervised morpheme segmentation and morphology induction from text corpora using Morfessor 1.0},
  author={Creutz, Mathias and Lagus, Krista},
  year={2005},
  publisher={Helsinki University of Technology}
}

@article{virpioja2013morfessor,
  title={Morfessor 2.0: Python implementation and extensions for Morfessor Baseline},
  author={Virpioja, Sami and Smit, Peter and Gr{\"o}nroos, Stig-Arne and Kurimo, Mikko and others},
  year={2013},
  publisher={Aalto University}
}
@inproceedings{Marc1,
  title={La normalizacion grafica del Codice Florentino},
  author={Thouvenot, Marc and Maynez, Pilar, Romero-Galvan Ruben},
  booktitle={ El universo de Sahagun pasado y presente},
  year={2008},
  organization={UNAM}
}


@inproceedings{Marc2,
  title={Chachalaca en CEN, Juntamente},
  author={Thouvenot, Marc},
  booktitle={Compendio Enciclopedico del Nahuatl, DVD},
  year={2011},
  organization={INAH}
}



@article{medina2008affix,
  title={Affix discovery based on entropy and economy measurements},
  author={Medina-Urrea, Alfonso},
  journal={Computational Linguistics for Less-Studied Languages},
  volume={10},
  pages={99--112},
  year={2008}
}

@inproceedings{irvine2013statistical,
  title={Statistical Machine Translation in Low Resource Settings.},
  author={Irvine, Ann},
  booktitle={HLT-NAACL},
  pages={54--61},
  year={2013}
}

@inproceedings{tiedemann2003combining,
  title={Combining clues for word alignment},
  author={Tiedemann, J{\"o}rg},
  booktitle={Proceedings of the tenth conference on European chapter of the Association for Computational Linguistics-Volume 1},
  pages={339--346},
  year={2003},
  organization={Association for Computational Linguistics}
}

@article{wimmer1999review,
  title={Review article: On vocabulary richness},
  author={Wimmer, Gejza and Altmann, Gabriel},
  journal={Journal of Quantitative Linguistics},
  volume={6},
  number={1},
  pages={1--9},
  year={1999},
  publisher={Taylor \& Francis}
}

@article{altmann2008anleitung,
  title={Anleitung zu quantitativen Textanalysen},
  author={Altmann, Vivien and Altmann, Gabriel},
  journal={Methoden und Anwendungen},
  year={2008},
  publisher={Ludenscheid: RAM-Verlag}
}

@article{kelih2010type,
  title={The type-token relationship in Slavic parallel texts},
  author={Kelih, Emmerich},
  journal={Glottometrics},
  volume={20},
  pages={1--11},
  year={2010}
}

@article{mayer2014extraction,
  title={From the extraction of continuous features in parallel texts to visual analytics of heterogeneous areal-typological datasets},
  author={Mayer, Thomas and W{\"a}lchli, Bernhard and Rohrdantz, Christian and Hund, Michael},
  journal={Language Processing and Grammars. The role of functionally oriented computational models},
  pages={13--38},
  year={2014}
}

@inproceedings{lardilleux2009sampling,
  title={Sampling-based multilingual alignment},
  author={Lardilleux, Adrien and Lepage, Yves},
  booktitle={Recent Advances in Natural Language Processing},
  pages={214--218},
  year={2009}
}

@article{harris1954distributional,
  title={Distributional structure},
  author={Harris, Zellig S},
  journal={Word},
  volume={10},
  number={2-3},
  pages={146--162},
  year={1954},
  publisher={Taylor \& Francis}
}

@article{vulic2015probabilistic,
  title={Probabilistic topic modeling in multilingual settings: An overview of its methodology and applications},
  author={Vuli{\'c}, Ivan and De Smet, Wim and Tang, Jie and Moens, Marie-Francine},
  journal={Information Processing \& Management},
  volume={51},
  number={1},
  pages={111--147},
  year={2015},
  publisher={Elsevier}
}
 
@article{firth1957synopsis,
  title={$\{$A synopsis of linguistic theory, 1930-1955$\}$},
  author={Firth, John R},
  year={1957},
  publisher={Blackwell}
}

@inproceedings{vulic2012detecting,
  title={Detecting highly confident word translations from comparable corpora without any prior knowledge},
  author={Vuli{\'c}, Ivan and Moens, Marie-Francine},
  booktitle={Proceedings of the 13th Conference of the European Chapter of the Association for Computational Linguistics},
  pages={449--459},
  year={2012},
  organization={Association for Computational Linguistics}
}
@incollection{chu2014iterative,
  title={Iterative bilingual lexicon extraction from comparable corpora with topical and contextual knowledge},
  author={Chu, Chenhui and Nakazawa, Toshiaki and Kurohashi, Sadao},
  booktitle={Computational Linguistics and Intelligent Text Processing},
  pages={296--309},
  year={2014},
  publisher={Springer}
}
@book{johansson2010espanol,
  title={El espa{\~n}ol y el n{\'a}huatl: encuentros, desencuentros y reencuentros: discurso de ingreso a la Academia Mexicana de la Lengua 26 de agosto de 2010},
  author={Johansson, Patrick and Le{\'o}n-Portilla, Miguel},
  year={2010},
  publisher={Universidad Nacional Aut{\'o}noma de M{\'e}xico}
}

@article{Dietterich:1998:AST:303222.303237,
 author = {Dietterich, Thomas G.},
 title = {Approximate Statistical Tests for Comparing Supervised Classification Learning Algorithms},
 journal = {Neural Comput.},
 issue_date = {Oct. 1998},
 volume = {10},
 number = {7},
 month = oct,
 year = {1998},
 issn = {0899-7667},
 pages = {1895--1923},
 numpages = {29},
 url = {http://dx.doi.org/10.1162/089976698300017197},
 doi = {10.1162/089976698300017197},
 acmid = {303237},
 publisher = {MIT Press},
 address = {Cambridge, MA, USA},
} 

@incollection{gelbukh2006alignment,
  title={Alignment of paragraphs in bilingual texts using bilingual dictionaries and dynamic programming},
  author={Gelbukh, Alexander and Sidorov, Grigori},
  booktitle={Progress in Pattern Recognition, Image Analysis and Applications},
  pages={824--833},
  year={2006},
  publisher={Springer}
}
@incollection{braschler1998multilingual,
  title={Multilingual information retrieval based on document alignment techniques},
  author={Braschler, Martin and Sc{\"a}uble, Peter},
  booktitle={Research and Advanced Technology for Digital Libraries},
  pages={183--197},
  year={1998},
  publisher={Springer}
}
@inproceedings{brown1991aligning,
  title={Aligning sentences in parallel corpora},
  author={Brown, Peter F and Lai, Jennifer C and Mercer, Robert L},
  booktitle={Proceedings of the 29th annual meeting on Association for Computational Linguistics},
  pages={169--176},
  year={1991},
  organization={Association for Computational Linguistics}
}
@article{gale1993program,
  title={A program for aligning sentences in bilingual corpora},
  author={Gale, William A and Church, Kenneth W},
  journal={Computational linguistics},
  volume={19},
  number={1},
  pages={75--102},
  year={1993},
  publisher={MIT Press}
}

@InProceedings{GUTIERREZVASQUES16.1068,
  author = {Ximena Gutierrez-Vasques and Gerardo Sierra and Isaac Hernandez Pompa},
  title = {Axolotl: a Web Accessible Parallel Corpus for Spanish-Nahuatl},
  booktitle = {Proceedings of the Ninth International Conference on Language Resources and Evaluation (LREC 2016)},
  year = {2016},
  month = {may},
  date = {26-31},
  address = {Portorož, Slovenia},
  publisher = {European Language Resources Association (ELRA)},
  isbn = {978-2-9517408-9-1},
  language = {english}
 }

@article{lardilleux2011contribution,
  title={The contribution of low frequencies to multilingual sub-sentential alignment: a differential associative approach},
  author={Lardilleux, Adrien and Lepage, Yves and Yvon, Fran{\c{c}}ois},
  journal={International Journal of Advanced Intelligence},
  volume={3},
  number={2},
  pages={189--217},
  year={2011}
}

@inproceedings{tiedemann2003combining,
  title={Combining clues for word alignment},
  author={Tiedemann, J{\"o}rg},
  booktitle={Proceedings of the tenth conference on European chapter of the Association for Computational Linguistics-Volume 1},
  pages={339--346},
  year={2003},
  organization={Association for Computational Linguistics}
}
@article{mikolov2013exploiting,
  title={Exploiting similarities among languages for machine translation},
  author={Mikolov, Tomas and Le, Quoc V and Sutskever, Ilya},
  journal={arXiv preprint arXiv:1309.4168},
  year={2013}
}
@inproceedings{moore2005association,
  title={Association-based bilingual word alignment},
  author={Moore, Robert C},
  booktitle={Proceedings of the ACL Workshop on Building and Using Parallel Texts},
  pages={1--8},
  year={2005},
  organization={Association for Computational Linguistics}
}
@article{niessen2004statistical,
  title={Statistical machine translation with scarce resources using morpho-syntactic information},
  author={Nie{\ss}en, Sonja and Ney, Hermann},
  journal={Computational linguistics},
  volume={30},
  number={2},
  pages={181--204},
  year={2004},
  publisher={MIT Press}
}
@inproceedings{tufis2006improved,
  title={Improved Lexical Alignment by Combining Multiple Reified Alignments.},
  author={Tufis, Dan and Ion, Radu and Ceausu, Alexandru and Stefanescu, Dan},
  booktitle={EACL},
  year={2006}
}

@inproceedings{irvine2013statistical,
  title={Statistical Machine Translation in Low Resource Settings.},
  author={Irvine, Ann},
  booktitle={HLT-NAACL},
  pages={54--61},
  year={2013}
}

@article{hermann2013multilingual,
  title={Multilingual distributed representations without word alignment},
  author={Hermann, Karl Moritz and Blunsom, Phil},
  journal={arXiv preprint arXiv:1312.6173},
  year={2013}
}
@inproceedings{zou2013bilingual,
  title={Bilingual Word Embeddings for Phrase-Based Machine Translation.},
  author={Zou, Will Y and Socher, Richard and Cer, Daniel M and Manning, Christopher D},
  booktitle={EMNLP},
  pages={1393--1398},
  year={2013}
}
@article{klementiev2012inducing,
  title={Inducing crosslingual distributed representations of words},
  author={Klementiev, Alexandre and Titov, Ivan and Bhattarai, Binod},
  year={2012},
  publisher={Citeseer}
}
@article{levy2015improving,
  title={Improving distributional similarity with lessons learned from word embeddings},
  author={Levy, Omer and Goldberg, Yoav and Dagan, Ido},
  journal={Transactions of the Association for Computational Linguistics},
  volume={3},
  pages={211--225},
  year={2015}
}
@inproceedings{baroni2014don,
  title={Don't count, predict! A systematic comparison of context-counting vs. context-predicting semantic vectors.},
  author={Baroni, Marco and Dinu, Georgiana and Kruszewski, Germ{\'a}n},
  booktitle={ACL (1)},
  pages={238--247},
  year={2014}
}

@article{lapesa2014large,
  title={A large scale evaluation of distributional semantic models: Parameters, interactions and model selection},
  author={Lapesa, Gabriella and Evert, Stefan},
  journal={Transactions of the Association for Computational Linguistics},
  volume={2},
  pages={531--545},
  year={2014}
}
@misc{ Nobody06,
       author = "Nobody Jr",
       title = "My Article",
       year = "2006" }

@inproceedings{gutierrez2015recopilacion,
  title={Recopilaci{\'o}n de un corpus paralelo electr{\'o}nico para una lengua minoritoria: el caso del nahuatl-espa{\~n}ol},
  author={Guti{\'e}rrez-Vasques, Ximena and Vilchis Vargas, Elena Carolina and Roc{\'\i}o, Cerb{\'o}n Yncl{\'a}n},
  booktitle={Primer Congreso Internacional el Patrimonio Cultural y las Nuevas Tecnolog{\'\i}as},
  year={2015},
  organization={INAH}
}


@inproceedings{tiedemann2012parallel,
  title={Parallel Data, Tools and Interfaces in OPUS.},
  author={Tiedemann, J{\"o}rg},
  booktitle={LREC},
  pages={2214--2218},
  year={2012}
}

@article{resnik2003web,
  title={The web as a parallel corpus},
  author={Resnik, Philip and Smith, Noah A},
  journal={Computational Linguistics},
  volume={29},
  number={3},
  pages={349--380},
  year={2003},
  publisher={MIT Press}
}

@inproceedings{haghighi2008learning,
  title={Learning Bilingual Lexicons from Monolingual Corpora.},
  author={Haghighi, Aria and Liang, Percy and Berg-Kirkpatrick, Taylor and Klein, Dan},
  booktitle={ACL},
  volume={2008},
  pages={771--779},
  year={2008}
}


@inproceedings{ahrenberg1998simple,
  title={A simple hybrid aligner for generating lexical correspondences in parallel texts},
  author={Ahrenberg, Lars and Andersson, Mikael and Merkel, Magnus},
  booktitle={Proceedings of the 17th international conference on Computational linguistics-Volume 1},
  pages={29--35},
  year={1998},
  organization={Association for Computational Linguistics}
}

@incollection{fung2000statistical,
  title={A statistical view on bilingual lexicon extraction},
  author={Fung, Pascale},
  booktitle={Parallel Text Processing},
  pages={219--236},
  year={2000},
  publisher={Springer}
}

@inproceedings{schafer2002inducing,
  title={Inducing translation lexicons via diverse similarity measures and bridge languages},
  author={Schafer, Charles and Yarowsky, David},
  booktitle={proceedings of the 6th conference on Natural language learning-Volume 20},
  pages={1--7},
  year={2002},
  organization={Association for Computational Linguistics}
}

@inproceedings{mimno2009polylingual,
  title={Polylingual topic models},
  author={Mimno, David and Wallach, Hanna M and Naradowsky, Jason and Smith, David A and McCallum, Andrew},
  booktitle={Proceedings of the 2009 Conference on Empirical Methods in Natural Language Processing: Volume 2-Volume 2},
  pages={880--889},
  year={2009},
  organization={Association for Computational Linguistics}
}

@inproceedings{rapp1995identifying,
  title={Identifying word translations in non-parallel texts},
  author={Rapp, Reinhard},
  booktitle={Proceedings of the 33rd annual meeting on Association for Computational Linguistics},
  pages={320--322},
  year={1995},
  organization={Association for Computational Linguistics}
}

@inproceedings{rapp1999automatic,
  title={Automatic identification of word translations from unrelated English and German corpora},
  author={Rapp, Reinhard},
  booktitle={Proceedings of the 37th annual meeting of the Association for Computational Linguistics on Computational Linguistics},
  pages={519--526},
  year={1999},
  organization={Association for Computational Linguistics}
}

@inproceedings{fung1998ir,
  title={An IR approach for translating new words from nonparallel, comparable texts},
  author={Fung, Pascale and Yee, Lo Yuen},
  booktitle={Proceedings of the 36th Annual Meeting of the Association for Computational Linguistics and 17th International Conference on Computational Linguistics-Volume 1},
  pages={414--420},
  year={1998},
  organization={Association for Computational Linguistics}
}

@techreport{diab2000statistical,
  title={A statistical word-level translation model for comparable corpora},
  author={Diab, Mona and Finch, Steve},
  year={2000},
  institution={DTIC Document}
}

@inproceedings{dejean2002approach,
  title={An approach based on multilingual thesauri and model combination for bilingual lexicon extraction},
  author={D{\'e}jean, Herv{\'e} and Gaussier, {\'E}ric and Sadat, Fatia},
  booktitle={Proceedings of the 19th international conference on Computational linguistics-Volume 1},
  pages={1--7},
  year={2002},
  organization={Association for Computational Linguistics}
}

@inproceedings{gaussier2004geometric,
  title={A geometric view on bilingual lexicon extraction from comparable corpora},
  author={Gaussier, Eric and Renders, J-M and Matveeva, Irina and Goutte, Cyril and D{\'e}jean, Herv{\'e}},
  booktitle={Proceedings of the 42nd Annual Meeting on Association for Computational Linguistics},
  pages={526},
  year={2004},
  organization={Association for Computational Linguistics}
}

@inproceedings{shezaf2010bilingual,
  title={Bilingual lexicon generation using non-aligned signatures},
  author={Shezaf, Daphna and Rappoport, Ari},
  booktitle={Proceedings of the 48th annual meeting of the association for computational linguistics},
  pages={98--107},
  year={2010},
  organization={Association for Computational Linguistics}
}

@inproceedings{laroche2010revisiting,
  title={Revisiting context-based projection methods for term-translation spotting in comparable corpora},
  author={Laroche, Audrey and Langlais, Philippe},
  booktitle={Proceedings of the 23rd international conference on computational linguistics},
  pages={617--625},
  year={2010},
  organization={Association for Computational Linguistics}
}

@inproceedings{tanaka1994construction,
  title={Construction of a bilingual dictionary intermediated by a third language},
  author={Tanaka, Kumiko and Umemura, Kyoji},
  booktitle={Proceedings of the 15th conference on Computational linguistics-Volume 1},
  pages={297--303},
  year={1994},
  organization={Association for Computational Linguistics}
}

@article{wu2007pivot,
  title={Pivot language approach for phrase-based statistical machine translation},
  author={Wu, Hua and Wang, Haifeng},
  journal={Machine Translation},
  volume={21},
  number={3},
  pages={165--181},
  year={2007},
  publisher={Springer}
}

@inproceedings{tsunakawa2008building,
  title={Building a Bilingual Lexicon Using Phrase-based Statistical Machine Translation via a Pivot Language.},
  author={Tsunakawa, Takashi and Okazaki, Naoaki and Jun'ichi Tsujii},
  booktitle={COLING (Posters)},
  pages={127--130},
  year={2008}
}

@article{seo2013bilingual,
  title={Bilingual Lexicon Extraction via Pivot Language and Word Alignment Tool},
  author={Seo, Hong-Seok Kwon Hyeong-Won and Kim, Jae-Hoon},
  journal={ACL 2013},
  pages={11},
  year={2013},
  publisher={Citeseer}
}

@article{klementiev2012inducing,
  title={Inducing crosslingual distributed representations of words},
  author={Klementiev, Alexandre and Titov, Ivan and Bhattarai, Binod},
  year={2012},
  publisher={Citeseer}
}

@inproceedings{zou2013bilingual,
  title={Bilingual Word Embeddings for Phrase-Based Machine Translation.},
  author={Zou, Will Y and Socher, Richard and Cer, Daniel M and Manning, Christopher D},
  booktitle={EMNLP},
  pages={1393--1398},
  year={2013}
}

@article{khapramultilingual,
  title={Multilingual Deep Learning},
  author={Khapra, Mitesh M and Ravindran, Balaraman and Raykar, Vikas and Saha, Amrita}
}

@article{lauly2014learning,
  title={Learning multilingual word representations using a bag-of-words autoencoder},
  author={Lauly, Stanislas and Boulanger, Alex and Larochelle, Hugo},
  journal={arXiv preprint arXiv:1401.1803},
  year={2014}
}

@article{hermann2014multilingual,
  title={Multilingual models for compositional distributed semantics},
  author={Hermann, Karl Moritz and Blunsom, Phil},
  journal={arXiv preprint arXiv:1404.4641},
  year={2014}
}

@inproceedings{koehn2002learning,
  title={Learning a translation lexicon from monolingual corpora},
  author={Koehn, Philipp and Knight, Kevin},
  booktitle={Proceedings of the ACL-02 workshop on Unsupervised lexical acquisition-Volume 9},
  pages={9--16},
  year={2002},
  organization={Association for Computational Linguistics}
}

@inproceedings{hulden2009foma,
  title={Foma: a finite-state compiler and library},
  author={Hulden, Mans},
  booktitle={Proceedings of the 12th Conference of the European Chapter of the Association for Computational Linguistics: Demonstrations Session},
  pages={29--32},
  year={2009},
  organization={Association for Computational Linguistics}
}

@inproceedings{cakmak2012word,
  title={Word Alignment for English-Turkish Language Pair.},
  author={Cakmak, Mehmet Talha and Acar, S{\"u}leyman and Eryigit, G{\"u}lsen},
  booktitle={LREC},
  pages={2177--2180},
  year={2012}
}

@inproceedings{lazaridou2013compositional,
  title={Compositional-ly Derived Representations of Morphologically Complex Words in Distributional Semantics.},
  author={Lazaridou, Angeliki and Marelli, Marco and Zamparelli, Roberto and Baroni, Marco},
  booktitle={ACL (1)},
  pages={1517--1526},
  year={2013},
  organization={Citeseer}
}

@article{luong2013better,
  title={Better word representations with recursive neural networks for morphology},
  author={Luong, Minh-Thang and Socher, Richard and Manning, Christopher D},
  journal={CoNLL-2013},
  volume={104},
  year={2013},
  publisher={Citeseer}
}

@inproceedings{el2013morpheme,
  title={Morpheme-based feature-rich language models using deep neural networks for LVCSR of Egyptian Arabic},
  author={El-Desoky Mousa, A and Kuo, H-KJ and Mangu, Lidia and Soltau, Hagen},
  booktitle={Acoustics, Speech and Signal Processing (ICASSP), 2013 IEEE International Conference on},
  pages={8435--8439},
  year={2013},
  organization={IEEE}
}

@article{botha2014compositional,
  title={Compositional morphology for word representations and language modelling},
  author={Botha, Jan A and Blunsom, Phil},
  journal={arXiv preprint arXiv:1405.4273},
  year={2014}
}

@book{creutz2005unsupervised,
  title={Unsupervised morpheme segmentation and morphology induction from text corpora using Morfessor 1.0},
  author={Creutz, Mathias and Lagus, Krista},
  year={2005},
  publisher={Helsinki University of Technology}
}

@article{virpioja2013morfessor,
  title={Morfessor 2.0: Python implementation and extensions for Morfessor Baseline},
  author={Virpioja, Sami and Smit, Peter and Gr{\"o}nroos, Stig-Arne and Kurimo, Mikko and others},
  year={2013},
  publisher={Aalto University}
}
@inproceedings{Marc1,
  title={La normalizacion grafica del Codice Florentino},
  author={Thouvenot, Marc and Maynez, Pilar, Romero-Galvan Ruben},
  booktitle={ El universo de Sahagun pasado y presente},
  year={2008},
  organization={UNAM}
}

@inproceedings{Marc2,
  title={Chachalaca en CEN, Juntamente},
  author={Thouvenot, Marc},
  booktitle={Compendio Enciclopedico del Nahuatl, DVD},
  year={2011},
  organization={INAH}
}



@article{medina2008affix,
  title={Affix discovery based on entropy and economy measurements},
  author={Medina-Urrea, Alfonso},
  journal={Computational Linguistics for Less-Studied Languages},
  volume={10},
  pages={99--112},
  year={2008}
}

@inproceedings{irvine2013statistical,
  title={Statistical Machine Translation in Low Resource Settings.},
  author={Irvine, Ann},
  booktitle={HLT-NAACL},
  pages={54--61},
  year={2013}
}

@inproceedings{tiedemann2003combining,
  title={Combining clues for word alignment},
  author={Tiedemann, J{\"o}rg},
  booktitle={Proceedings of the tenth conference on European chapter of the Association for Computational Linguistics-Volume 1},
  pages={339--346},
  year={2003},
  organization={Association for Computational Linguistics}
}

@article{wimmer1999review,
  title={Review article: On vocabulary richness},
  author={Wimmer, Gejza and Altmann, Gabriel},
  journal={Journal of Quantitative Linguistics},
  volume={6},
  number={1},
  pages={1--9},
  year={1999},
  publisher={Taylor \& Francis}
}

@article{altmann2008anleitung,
  title={Anleitung zu quantitativen Textanalysen},
  author={Altmann, Vivien and Altmann, Gabriel},
  journal={Methoden und Anwendungen},
  year={2008},
  publisher={Ludenscheid: RAM-Verlag}
}

@article{kelih2010type,
  title={The type-token relationship in Slavic parallel texts},
  author={Kelih, Emmerich},
  journal={Glottometrics},
  volume={20},
  pages={1--11},
  year={2010}
}

@article{mayer2014extraction,
  title={From the extraction of continuous features in parallel texts to visual analytics of heterogeneous areal-typological datasets},
  author={Mayer, Thomas and W{\"a}lchli, Bernhard and Rohrdantz, Christian and Hund, Michael},
  journal={Language Processing and Grammars. The role of functionally oriented computational models},
  pages={13--38},
  year={2014}
}

@inproceedings{lardilleux2009sampling,
  title={Sampling-based multilingual alignment},
  author={Lardilleux, Adrien and Lepage, Yves},
  booktitle={Recent Advances in Natural Language Processing},
  pages={214--218},
  year={2009}
}

@article{harris1954distributional,
  title={Distributional structure},
  author={Harris, Zellig S},
  journal={Word},
  volume={10},
  number={2-3},
  pages={146--162},
  year={1954},
  publisher={Taylor \& Francis}
}

@article{vulic2015probabilistic,
  title={Probabilistic topic modeling in multilingual settings: An overview of its methodology and applications},
  author={Vuli{\'c}, Ivan and De Smet, Wim and Tang, Jie and Moens, Marie-Francine},
  journal={Information Processing \& Management},
  volume={51},
  number={1},
  pages={111--147},
  year={2015},
  publisher={Elsevier}
}
 
@article{firth1957synopsis,
  title={$\{$A synopsis of linguistic theory, 1930-1955$\}$},
  author={Firth, John R},
  year={1957},
  publisher={Blackwell}
}

@inproceedings{vulic2012detecting,
  title={Detecting highly confident word translations from comparable corpora without any prior knowledge},
  author={Vuli{\'c}, Ivan and Moens, Marie-Francine},
  booktitle={Proceedings of the 13th Conference of the European Chapter of the Association for Computational Linguistics},
  pages={449--459},
  year={2012},
  organization={Association for Computational Linguistics}
}
@incollection{chu2014iterative,
  title={Iterative bilingual lexicon extraction from comparable corpora with topical and contextual knowledge},
  author={Chu, Chenhui and Nakazawa, Toshiaki and Kurohashi, Sadao},
  booktitle={Computational Linguistics and Intelligent Text Processing},
  pages={296--309},
  year={2014},
  publisher={Springer}
}

% Barriga's references start here

@article{sutton2012introduction,
	title={An introduction to conditional random fields},
	author={Sutton, Charles and McCallum, Andrew and others},
	journal={Foundations and Trends{\textregistered} in Machine Learning},
	volume={4},
	number={4},
	pages={267--373},
	year={2012},
	publisher={Now Publishers, Inc.}
}

@inproceedings{he2004multiscale,
	title={Multiscale conditional random fields for image labeling},
	author={He, Xuming and Zemel, Richard S and Carreira-Perpi{\~n}{\'a}n, Miguel {\'A}},
	booktitle={Proceedings of the 2004 IEEE Computer Society Conference on Computer Vision and Pattern Recognition, 2004. CVPR 2004.},
	volume={2},
	pages={II--II},
	year={2004},
	organization={IEEE}
}

@inproceedings{stern2005modelling,
	title={Modelling uncertainty in the game of Go},
	author={Stern, David H and Graepel, Thore and MacKay, David},
	booktitle={Advances in neural information processing systems},
	pages={1353--1360},
	year={2005}
}

@article{bernal2007global,
	title={Global discriminative learning for higher-accuracy computational gene prediction},
	author={Bernal, Axel and Crammer, Koby and Hatzigeorgiou, Artemis and Pereira, Fernando},
	journal={PLoS computational biology},
	volume={3},
	number={3},
	year={2007},
	publisher={Public Library of Science}
}

@article{lafferty2001conditional,
	title={Conditional random fields: Probabilistic models for segmenting and labeling sequence data},
	author={Lafferty, John and McCallum, Andrew and Pereira, Fernando CN},
	year={2001}
}

@article{hammersley1971markov,
	title={Markov fields on finite graphs and lattices},
	author={Hammersley, John M and Clifford, Peter},
	journal={Unpublished manuscript},
	volume={46},
	year={1971}
}

@inproceedings{moeller2018automatic,
	title={Automatic Glossing in a Low-Resource Setting for Language Documentation},
	author={Moeller, Sarah and Hulden, Mans},
	booktitle={Proceedings of the Workshop on Computational Modeling of Polysynthetic Languages},
	pages={84--93},
	year={2018}
}

@book{lastra1992otomi,
	title={El otom{\'\i} de Toluca},
	author={Lastra, Yolanda and de Su{\'a}rez, Yolanda Lastra},
	year={1992},
	publisher={Instituto de Investigaciones Antropológicas, UNAM}
}

@inproceedings{lastra2000otomi,
	title={?` Es el otom{\'\i} una lengua amenazada?},
	author={Lastra, Yolanda},
	booktitle={Anales de antropolog{\'\i}a},
	volume={33},
	year={2000}
}

% Mejorar esto
@book{barrientos2004otomies,
	title={Otom{\'\i}es del Estado de M{\'e}xico},
	author={Barrientos L{\'o}pez, Guadalupe},
	year={2004}
	publisher={Comisión Nacional para el Desarrollo de los Pueblos Indígenas}
}


% TODO: Que tipo de elemento seria?
% @ misc{okazaki2007CRFsuite,
% 	author={Naoaki Okazaki},
% 	title={CRFsuite: a fast implementation of Conditional Random Fields (CRFs)},
% 	url="http://www.chokkan.org/software/crfsuite/",
% 	year={2007}
% }

